Count,Tradelist Count,Name,Edition,Edition Code,Card Number,Condition,Language,Foil,Signed,Artist Proof,Altered Art,Misprint,Promo,Textless,Printing Id,Printing Note,Tags,My Price,Last Updated
2,1,_____ _____ _____ Trespasser,Unfinity,UNF,61,Near Mint,English,,,,,,,,68582,,"",$0.00,2024-04-05 10:00:09 UTC
2,1,_____ _____ Rocketship,Unfinity,UNF,191,Near Mint,English,,,,,,,,68712,,"",$0.00,2024-04-05 10:00:11 UTC
2,1,_____ Balls of Fire,Unfinity,UNF,100,Near Mint,English,,,,,,,,68621,,"",$0.00,2024-04-05 10:00:12 UTC
2,1,_____ Bird Gets the Worm,Unfinity,UNF,5,Near Mint,English,,,,,,,,68526,,"",$0.00,2024-04-05 10:00:14 UTC
3,2,_____ Goblin,Unfinity,UNF,107,Near Mint,English,,,,,,,,68628,,"",$0.00,2024-04-05 10:00:16 UTC
4,3,_____-o-saurus,Unfinity,UNF,148,Near Mint,English,,,,,,,,68669,,"",$0.00,2024-04-05 10:00:20 UTC
1,0,_____-o-saurus,Unfinity,UNF,148,Near Mint,English,foil,,,,,,,68669,,"",$0.00,2023-10-25 18:31:15 UTC
2,1,"""Brims"" Barone, Midway Mobster",Unfinity,UNF,163,Near Mint,English,,,,,,,,68684,,"",$0.00,2024-04-05 10:00:23 UTC
1,0,"""Lifetime"" Pass Holder",Unfinity,UNF,79,Near Mint,English,,,,,,,,68600,,"",$0.00,2023-10-23 17:44:33 UTC
4,3,+2 Mace,Adventures in the Forgotten Realms,AFR,1,Near Mint,English,,,,,,,,58282,,"",$0.00,2024-04-05 10:00:25 UTC
2,1,A Good Day to Pie,Unfinity,UNF,12,Near Mint,English,,,,,,,,68533,,"",$0.00,2024-04-05 10:00:27 UTC
1,0,A Good Day to Pie,Unfinity,UNF,12,Near Mint,English,foil,,,,,,,68533,,"",$0.00,2023-11-18 20:12:28 UTC
1,0,A Killer Among Us,Murders at Karlov Manor,MKM,167,Near Mint,German,,,,,,,,87344,,"",$0.00,2024-02-08 12:16:30 UTC
1,0,A Little Chat,Streets of New Capenna,SNC,47,Near Mint,English,,,,,,,,63615,,"",$0.00,2022-05-21 19:27:18 UTC
4,0,A Mysterious Creature,Extras: Murders at Karlov Manor,TMKM,21,Near Mint,English,,,,,,,,87632,,"",$0.00,2024-08-20 17:25:53 UTC
1,0,A Mysterious Creature,Extras: Assassin's Creed,TACR,8,Near Mint,English,,,,,,,,92997,,"",$0.00,2024-07-27 21:10:54 UTC
2,1,A Real Handful,Unfinity,UNF,87,Near Mint,English,,,,,,,,68608,,"",$0.00,2024-04-05 10:00:35 UTC
4,3,Aardwolf's Advantage,Unfinity,UNF,97,Near Mint,English,,,,,,,,68618,,"",$0.00,2024-04-05 10:00:37 UTC
1,0,Abaddon the Despoiler,"Warhammer 40,000",40K,171,Near Mint,English,foil,,,,,,,69392,,"",$0.00,2022-10-23 16:30:13 UTC
1,0,Abaddon the Despoiler,"Warhammer 40,000",40K,319,Near Mint,English,foil,,,,,,,69540,Thick Stock,"",$0.00,2022-10-23 16:30:13 UTC
4,3,Abandon the Post,Innistrad: Midnight Hunt,MID,127,Near Mint,English,,,,,,,,60026,,"",$0.00,2024-04-05 10:00:52 UTC
1,0,Abandoned Campground,Duskmourn: House of Horror,DSK,255,Near Mint,German,,,,,,,,94502,,"",$0.00,2024-09-23 17:53:28 UTC
1,0,Abandoned Sarcophagus,Commander 2020,C20,236,Near Mint,English,,,,,,,,50337,,"",$0.00,2021-05-18 06:10:18 UTC
1,0,Aberrant,"Warhammer 40,000",40K,86,Near Mint,English,,,,,,,,69307,,"",$0.00,2022-10-24 06:26:13 UTC
2,1,Aberrant Mind Sorcerer,Adventures in the Forgotten Realms,AFR,44,Near Mint,English,,,,,,,,58325,,"",$0.00,2024-04-05 10:00:53 UTC
1,0,Aberrant Researcher // Perfected Form,Shadows over Innistrad,SOI,49,Near Mint,English,,,,,,,,31030,,"",$0.00,2021-05-18 06:10:18 UTC
2,1,Abiding Grace,Modern Horizons 2,MH2,1,Near Mint,English,,,,,,,,57295,,"",$0.00,2022-11-19 11:45:57 UTC
6,0,Ability Punchcard,Extras: Hour of Devastation,EX_74,13,Good (Lightly Played),English,,,,,,,,36375,,"",$0.00,2024-06-14 18:35:36 UTC
2,0,Ability Punchcard,Extras: Commander 2020,EX_112,37,Near Mint,English,,,,,,,,50501,003 C20 EN / 004 C20 EN,"",$0.00,2024-10-12 07:17:03 UTC
1,0,Ability Punchcard,Extras: Streets of New Capenna Commander,EX_143,32,Near Mint,English,,,,,,,,66285,5 / 6,"",$0.00,2024-04-16 14:11:12 UTC
1,0,Ability Punchcard,Extras: Streets of New Capenna Commander,EX_143,33,Near Mint,English,,,,,,,,66286,5 / 7,"",$0.00,2024-04-16 14:11:21 UTC
1,0,Ability Punchcard,Extras: Streets of New Capenna Commander,EX_143,35,Near Mint,English,,,,,,,,66288,5 / 9,"",$0.00,2024-04-16 14:11:39 UTC
1,0,Ability Punchcard,Extras: Streets of New Capenna Commander,EX_143,36,Near Mint,English,,,,,,,,66289,5 / 10,"",$0.00,2024-04-16 14:16:21 UTC
1,0,Ability Punchcard,Extras: Streets of New Capenna,TSNC,80,Near Mint,English,,,,,,,,68501,3 / 4,"",$0.00,2024-04-16 14:07:16 UTC
7,6,Abnormal Endurance,Core Set 2019,M19,85,Near Mint,English,,,,,,,,39468,,"",$0.00,2021-05-18 06:10:18 UTC
1,1,Abnormal Endurance,Core Set 2019,M19,85,Near Mint,German,,,,,,,,39468,,"",$0.00,2021-05-18 06:10:18 UTC
1,0,Aboleth Spawn,Commander Legends: Battle for Baldur's Gate,CLB,662,Near Mint,English,,,,,,,,65778,,"",$0.00,2022-08-02 16:53:55 UTC
1,0,Abominable Treefolk,Modern Horizons,MH1,194,Near Mint,English,,,,,,,,44772,,"",$0.00,2021-05-18 06:10:18 UTC
1,0,Abomination of Llanowar,Kaldheim Commander,KHC,81,Near Mint,English,,,,,,,,55176,,"",$0.00,2021-05-25 07:14:07 UTC
5,4,Abrade,Magic Game Day Cards,MGDC,61,Near Mint,German,,,,,,,,36323,Hour of Devastation,"",$0.00,2021-05-18 06:10:18 UTC
3,2,Abrade,Double Masters,2XM,114,Near Mint,English,,,,,,,,52078,,"",$0.00,2021-05-18 06:10:18 UTC
1,0,Abrade,Double Masters,2XM,114,Near Mint,English,foil,,,,,,,52078,,"",$0.00,2021-05-18 06:10:18 UTC
1,0,Abrade,Commander Legends,CMR,410,Near Mint,English,,,,,,,,54088,,"",$0.00,2022-04-09 16:43:53 UTC
2,1,Abrade,Game Night: Free-for-All,GN3,67,Near Mint,English,,,,,,,,69972,,"",$0.00,2024-04-05 10:01:24 UTC
1,0,Abrade,The Brothers' War Commander,BRC,111,Near Mint,English,,,,,,,,70557,,"",$0.00,2023-01-01 14:56:52 UTC
1,0,Abrade,Commander Masters,CMM,203,Near Mint,German,,,,,,,,80479,,"",$0.00,2023-09-04 03:47:48 UTC
1,0,Abrade,Bloomburrow Commander,BLC,191,Near Mint,English,,,,,,,,93630,,"",$0.00,2024-08-05 18:55:11 UTC
12,11,Abrade,Innistrad: Crimson Vow,VOW,139,Near Mint,English,,,,,,,,61219,,"",$0.00,2024-04-05 10:01:33 UTC
1,0,Abraded Bluffs,Outlaws of Thunder Junction,OTJ,251,Near Mint,English,,,,,,,,90242,,"",$0.00,2024-05-10 21:34:52 UTC
1,0,Abraded Bluffs,Outlaws of Thunder Junction,OTJ,251,Near Mint,German,,,,,,,,90242,,"",$0.00,2024-04-19 19:10:30 UTC
1,0,Abrupt Decay,Guilds of Ravnica Guild Kit,GK1,57,Near Mint,German,,,,,,,,42609,,"",$0.00,2021-05-18 06:10:18 UTC
1,0,Abrupt Decay,Return to Ravnica,RTR,141,Near Mint,English,,,,,,,,20470,,"",$0.00,2021-05-18 06:10:18 UTC
1,0,Abrupt Decay,Return to Ravnica,RTR,141,Good (Lightly Played),English,,,,,,,,20470,,"",$0.00,2021-05-18 06:10:18 UTC
3,2,Absorb,Ravnica Allegiance,RNA,151,Near Mint,English,,,,,,,,43727,,"",$0.00,2021-05-18 06:10:18 UTC
1,0,Absorb Vis,Conspiracy: Take the Crown,CN2,126,Near Mint,English,,,proof,,,,,33317,,"",$0.00,2021-05-18 06:10:18 UTC
1,0,Abstract Iguanart,Unsanctioned,UND,47,Near Mint,English,,,,,,,,49425,,"",$0.00,2021-05-18 06:10:18 UTC
1,0,Abstruse Appropriation,Modern Horizons 3,MH3,177,Near Mint,English,,,,,,,,91487,,"",$0.00,2024-07-04 04:58:35 UTC
1,0,"Abuelo, Ancestral Echo",The Lost Caverns of Ixalan,LCI,219,Near Mint,English,,,,,,,,84444,,"",$0.00,2024-01-12 17:12:16 UTC
1,0,"Abuelo, Ancestral Echo",The Lost Caverns of Ixalan,LCI,297,Near Mint,English,,,,,,,,84522,,"",$0.00,2024-01-12 17:12:16 UTC
1,0,Abundance,Zendikar Rising Commander,ZNC,58,Near Mint,English,,,,,,,,53171,,"",$0.00,2021-05-18 06:10:18 UTC
1,0,Abundance,"Warhammer 40,000",40K,210,Near Mint,English,,,,,,,,69431,,"",$0.00,2022-10-24 06:26:24 UTC
1,0,Abundance,Urza's Saga,UZ,229,Good (Lightly Played),English,,,,,,,,2615,,"",$0.00,2025-01-08 09:00:53 UTC
1,0,Abundant Growth,Eternal Masters,EMA,156,Near Mint,English,,,,,,,,31573,,"",$0.00,2021-05-18 06:10:18 UTC
1,0,Abundant Growth,Eternal Masters,EMA,156,Near Mint,English,,,proof,,,,,31573,,"",$0.00,2021-05-18 06:10:18 UTC
1,0,Abundant Growth,Adventures in the Forgotten Realms Commander,AFC,150,Near Mint,English,,,,,,,,58936,,"",$0.00,2021-08-29 14:03:33 UTC
1,0,Abundant Growth,Dominaria United Commander,DMC,128,Near Mint,English,,,,,,,,68003,,"",$0.00,2022-12-22 17:24:27 UTC
1,0,Abundant Growth,Fallout,PIP,194,Near Mint,English,,,,,,,,88910,,"",$0.00,2024-03-25 20:41:51 UTC
1,0,Abundant Growth,Avacyn Restored,AVR,167,Good (Lightly Played),English,,,,,,,,19644,,"",$0.00,2021-05-18 06:10:18 UTC
4,3,Abundant Harvest,Modern Horizons 2,MH2,147,Near Mint,English,,,,,,,,57441,,"",$0.00,2024-04-05 10:01:38 UTC
1,0,Abundant Harvest,Modern Horizons 2,MH2,354,Near Mint,English,,,,,,,,57648,Showcase,"",$0.00,2021-06-23 06:08:18 UTC
2,1,Abyssal Gorestalker,The Lost Caverns of Ixalan,LCI,87,Near Mint,English,,,,,,,,84312,,"",$0.00,2024-04-05 10:01:41 UTC
1,0,Abyssal Hunter,Mirage,MI,1,Played,German,,,,,,,,4257,,"",$0.00,2021-05-18 06:10:18 UTC
1,0,Abyssal Specter,Fifth Edition,5E,1,Good (Lightly Played),German,,,,,,,,7222,,"",$0.00,2021-05-18 06:10:18 UTC
1,0,Abzan Advantage,Fate Reforged,FRF,2,Near Mint,English,,,,,,,,27110,,"",$0.00,2021-05-18 06:10:18 UTC
1,0,Abzan Ascendancy,Commander 2020,C20,198,Near Mint,English,,,,,,,,50299,,"",$0.00,2021-05-18 06:10:18 UTC
1,0,Abzan Banner,Khans of Tarkir,KTK,215,Near Mint,English,,,,,,,,26138,,"",$0.00,2021-05-18 06:10:18 UTC
1,0,Abzan Battle Priest,Iconic Masters,IMA,2,Near Mint,English,foil,,,,,,,37106,,"",$0.00,2021-05-18 06:10:18 UTC
1,0,Abzan Battle Priest,March of the Machine Commander,MOC,164,Near Mint,English,,,,,,,,77664,,"",$0.00,2023-05-28 12:31:13 UTC
1,0,Abzan Battle Priest,Khans of Tarkir,KTK,1,Good (Lightly Played),English,,,,,,,,26129,,"",$0.00,2024-05-03 19:23:19 UTC
1,0,Abzan Charm,Commander 2016,C16,177,Near Mint,English,,,proof,,,,,34079,,"",$0.00,2021-05-18 06:10:18 UTC
1,0,Abzan Charm,Commander 2020,C20,199,Near Mint,English,,,,,,,,50300,,"",$0.00,2021-05-18 06:10:18 UTC
1,0,Abzan Charm,Dominaria United Commander,DMC,138,Near Mint,English,,,,,,,,68013,,"",$0.00,2022-12-22 17:24:27 UTC
1,0,Abzan Falconer,Iconic Masters,IMA,3,Near Mint,English,foil,,,,,,,37107,,"",$0.00,2021-05-18 06:10:18 UTC
1,0,Abzan Falconer,Commander Anthology Volume II,CM2,15,Near Mint,English,,,,,,,,39261,,"",$0.00,2021-05-18 06:10:18 UTC
1,0,Abzan Falconer,Zendikar Rising Commander,ZNC,9,Near Mint,English,,,,,,,,53122,,"",$0.00,2021-05-18 06:10:18 UTC
1,0,Abzan Falconer,Innistrad: Midnight Hunt Commander,MIC,77,Near Mint,English,,,,,,,,60567,,"",$0.00,2021-11-04 07:05:05 UTC
1,0,Abzan Falconer,March of the Machine Commander,MOC,165,Near Mint,English,,,,,,,,77665,,"",$0.00,2023-05-28 12:31:13 UTC
1,0,Abzan Falconer,Khans of Tarkir,KTK,2,Near Mint,English,,,proof,,,,,26263,,"",$0.00,2021-05-18 06:10:18 UTC
1,0,Abzan Guide,Khans of Tarkir,KTK,162,Near Mint,English,,,,,,,,26156,,"",$0.00,2021-05-18 06:10:18 UTC
1,0,Abzan Runemark,Fate Reforged,FRF,3,Near Mint,English,,,proof,,,,,27028,,"",$0.00,2021-05-18 06:10:18 UTC
1,0,Academic Dispute,Strixhaven: School of Mages,STX,91,Near Mint,English,,,,,,,,55986,,"",$0.00,2021-05-21 19:02:32 UTC
1,0,Academic Probation,Strixhaven: School of Mages,STX,7,Near Mint,English,,,,,,,,55902,,"",$0.00,2021-06-01 08:48:46 UTC
8,7,Academy Drake,Dominaria,DOM,40,Near Mint,English,,,,,,,,38521,,"",$0.00,2024-04-05 10:02:03 UTC
2,2,Academy Drake,Dominaria,DOM,40,Near Mint,German,,,,,,,,38521,,"",$0.00,2021-06-07 06:29:07 UTC
8,7,Academy Journeymage,Dominaria,DOM,41,Near Mint,English,,,,,,,,38456,,"",$0.00,2024-04-05 10:02:11 UTC
4,4,Academy Journeymage,Dominaria,DOM,41,Near Mint,German,,,,,,,,38456,,"",$0.00,2021-06-07 06:28:30 UTC
1,1,Academy Journeymage,Dominaria,DOM,41,Near Mint,English,,,proof,,,,,38456,,"",$0.00,2024-04-05 10:02:17 UTC
1,0,Academy Loremaster,Dominaria United,DMU,391,Near Mint,English,,,,,,,,67640,,"",$0.00,2022-12-17 19:58:13 UTC
1,0,Academy Manufactor,March of the Machine Commander,MOC,346,Near Mint,English,,,,,,,,77846,,"",$0.00,2023-05-28 12:31:13 UTC
1,0,Academy Manufactor,Murders at Karlov Manor Commander,MKC,221,Near Mint,English,,,,,,,,87853,,"",$0.00,2024-03-24 11:08:14 UTC
1,0,Academy Manufactor,Outlaws of Thunder Junction Commander,OTC,251,Near Mint,English,,,,,,,,90822,,"",$0.00,2024-05-11 10:48:45 UTC
1,0,Academy Manufactor,Bloomburrow Commander,BLC,264,Near Mint,English,,,,,,,,93703,,"",$0.00,2024-08-05 18:55:11 UTC
1,0,Academy Researchers,Urza's Saga,UZ,58,Good (Lightly Played),English,,,,,,,,2845,,"",$0.00,2024-03-25 16:59:58 UTC
1,0,Academy Ruins,Double Masters,2XM,309,Near Mint,English,,,,,,,,52273,,"",$0.00,2021-05-18 06:10:18 UTC
1,0,Academy Ruins,Aetherdrift Commander,drc,58,Near Mint,English,,,,,,,,100987,,"",$0.00,2025-02-26 08:31:18 UTC
1,0,Academy Wall,Dominaria United,DMU,41,Near Mint,English,,,,,,,,67290,,"",$0.00,2023-01-29 09:15:01 UTC
1,0,Acceptable Losses,Odyssey,OD,172,Good (Lightly Played),German,,,,,,,,10076,,"",$0.00,2021-05-18 06:10:18 UTC
1,0,Access Tunnel,The Lord of the Rings: Tales of Middle-earth Commander,LTC,294,Near Mint,English,,,,,,,,79813,,"",$0.00,2023-07-20 08:41:51 UTC
1,0,Access Tunnel,Murders at Karlov Manor Commander,MKC,247,Near Mint,English,,,,,,,,87879,,"",$0.00,2024-03-24 11:08:14 UTC
1,0,Access Tunnel,Outlaws of Thunder Junction Commander,OTC,270,Near Mint,English,,,,,,,,90841,,"",$0.00,2024-05-11 10:48:45 UTC
1,0,Access Tunnel,Strixhaven: School of Mages,STX,262,Near Mint,English,,,,,,,,56157,,"",$0.00,2021-05-30 16:02:01 UTC
1,0,Acclaimed Contender,March of the Machine Commander,MOC,166,Near Mint,English,,,,,,,,77666,,"",$0.00,2023-05-28 12:31:13 UTC
2,1,Acclaimed Contender,Throne of Eldraine,ELD,1,Near Mint,English,,,,,,,,46057,,"",$0.00,2024-04-05 10:02:23 UTC
1,0,Acclaimed Contender,Throne of Eldraine,ELD,334,Near Mint,English,,,,,,,,46390,Extended Art,"",$0.00,2021-05-18 06:10:18 UTC
2,1,Accomplished Alchemist,Strixhaven: School of Mages,STX,119,Near Mint,English,,,,,,,,56014,,"",$0.00,2024-04-05 10:02:26 UTC
3,2,Accomplished Automaton,Double Masters,2XM,230,Near Mint,English,,,,,,,,52194,,"",$0.00,2024-04-05 10:02:32 UTC
2,1,Accomplished Automaton,Double Masters,2XM,230,Near Mint,English,foil,,,,,,,52194,,"",$0.00,2024-04-05 10:02:28 UTC
4,3,Accumulated Knowledge,Nemesis,NE,26,Played,German,,,,,,,,8145,,"",$0.00,2024-04-05 10:02:36 UTC
1,0,Accursed Duneyard,Aetherdrift Commander,drc,20,Near Mint,English,,,,,,,,100949,,"",$0.00,2025-02-26 08:31:18 UTC
3,0,Accursed Marauder,Modern Horizons 3,MH3,80,Near Mint,English,,,,,,,,91390,,"",$0.00,2024-07-06 19:46:38 UTC
2,0,Accursed Spirit,Magic 2015 Core Set,M15,85,Near Mint,English,,,proof,,,,,25077,,"",$0.00,2024-06-28 18:20:23 UTC
2,1,Accursed Witch // Infectious Curse,Shadows over Innistrad,SOI,97,Near Mint,English,,,,,,,,31003,,"",$0.00,2024-04-05 10:02:42 UTC
1,0,"Ace, Fearless Rebel",Doctor Who,WHO,98,Near Mint,English,,,,,,,,83145,,"",$0.00,2023-11-14 17:21:24 UTC
1,0,Ace's Baseball Bat,Doctor Who,WHO,170,Near Mint,English,,,,,,,,83217,,"",$0.00,2023-11-14 17:21:24 UTC
1,0,Acidic Slime,30th Anniversary Promos,P30A,17,Near Mint,German,foil,,,,,,,74581,,"",$0.00,2023-07-03 20:03:14 UTC
1,0,Acidic Slime,Commander Anthology Volume II,CM2,132,Near Mint,English,,,,,,,,39076,,"",$0.00,2021-05-18 06:10:18 UTC
1,0,Acidic Slime,Commander 2018,C18,127,Near Mint,German,,,,,,,,40187,,"",$0.00,2021-05-18 06:10:18 UTC
1,0,Acidic Slime,Commander 2020,C20,165,Near Mint,English,,,,,,,,50266,,"",$0.00,2021-05-18 06:10:18 UTC
1,0,Acidic Slime,Zendikar Rising Commander,ZNC,59,Near Mint,English,,,,,,,,53172,,"",$0.00,2021-05-18 06:10:18 UTC
1,0,Acidic Slime,Commander Legends,CMR,421,Near Mint,English,,,,,,,,54099,,"",$0.00,2021-05-18 06:10:18 UTC
1,0,Acidic Slime,Adventures in the Forgotten Realms Commander,AFC,151,Near Mint,English,,,,,,,,58937,,"",$0.00,2021-08-29 14:03:33 UTC
1,0,Acidic Slime,Kamigawa: Neon Dynasty Commander,NEC,112,Near Mint,English,,,,,,,,63306,,"",$0.00,2022-03-12 19:16:13 UTC
1,0,Acidic Slime,Modern Horizons 3 Commander,M3C,218,Near Mint,English,,,,,,,,92073,,"",$0.00,2024-06-21 15:14:47 UTC
1,0,Acidic Soil,Urza's Saga,UZ,172,Good (Lightly Played),English,,,,,,,,13399,,"",$0.00,2024-02-29 16:28:39 UTC
1,0,"Aclazotz, Deepest Betrayal // Temple of the Dead",The Lost Caverns of Ixalan,LCI,88,Near Mint,English,foil,,,,,,,84313,,"",$0.00,2024-01-12 17:11:09 UTC
1,0,Acolyte Hybrid,"Warhammer 40,000",40K,70,Near Mint,English,,,,,,,,69291,,"",$0.00,2022-10-24 06:26:39 UTC
2,1,Acolyte of Aclazotz,The Lost Caverns of Ixalan,LCI,89,Near Mint,English,,,,,,,,84314,,"",$0.00,2024-04-05 10:02:46 UTC
4,4,Acolyte of Affliction,Theros Beyond Death,THB,206,Near Mint,German,,,,,,,,48897,,"",$0.00,2022-01-14 12:07:31 UTC
1,0,Acolyte of Affliction,Theros Beyond Death,THB,206,Near Mint,English,,,,,,,,48897,,"",$0.00,2022-01-14 12:07:31 UTC
1,0,"Acornelia, Fashionable Filcher",Unsanctioned,UND,31,Near Mint,English,,,,,,,,49409,,"",$0.00,2021-05-18 06:10:18 UTC
1,0,Acquired Mutation,Fallout,PIP,53,Near Mint,English,,,,,,,,88769,,"",$0.00,2024-03-25 20:41:51 UTC
1,0,Acquisition Octopus,Kamigawa: Neon Dynasty,NEO,44,Near Mint,English,,,,,,,,62707,,"",$0.00,2022-02-27 16:29:24 UTC
3,2,Acquisitions Expert,Zendikar Rising,ZNR,89,Near Mint,English,,,,,,,,52677,,"",$0.00,2021-05-18 06:10:18 UTC
1,1,Acquisitions Expert,Zendikar Rising,ZNR,89,Near Mint,German,,,,,,,,52677,,"",$0.00,2022-01-14 12:07:44 UTC
2,1,Acridian,Urza's Saga,UZ,230,Played,German,,,,,,,,13480,,"",$0.00,2021-05-18 06:10:18 UTC
2,0,Acrobatic Cheerleader,Duskmourn: House of Horror,DSK,1,Near Mint,English,,,,,,,,94248,,"",$0.00,2024-11-29 14:27:18 UTC
1,0,Acrobatic Cheerleader,Duskmourn: House of Horror,DSK,1,Near Mint,English,foil,,,,,,,94248,,"",$0.00,2024-11-27 11:39:04 UTC
1,0,Acrobatic Cheerleader,Duskmourn: House of Horror,DSK,1,Near Mint,German,,,,,,,,94248,,"",$0.00,2024-09-23 17:53:28 UTC
1,0,Acrobatic Leap,The Lost Caverns of Ixalan,LCI,2,Near Mint,English,,,,,,,,84227,,"",$0.00,2023-12-17 20:18:43 UTC
1,0,Acrobatic Maneuver,Kaladesh,KLD,1,Near Mint,English,,,,,,,,33634,,"",$0.00,2021-05-18 06:10:18 UTC
1,0,Act of Heroism,Hour of Devastation,HOU,1,Near Mint,English,,,,,,,,36225,,"",$0.00,2021-05-18 06:10:18 UTC
9,8,Act of Treason,Core Set 2019,M19,127,Near Mint,English,,,,,,,,39519,,"",$0.00,2024-04-05 10:02:52 UTC
1,1,Act of Treason,Core Set 2019,M19,127,Near Mint,German,,,,,,,,39519,,"",$0.00,2021-05-18 06:10:18 UTC
8,7,Act of Treason,Ravnica Allegiance,RNA,91,Near Mint,English,,,,,,,,43528,,"",$0.00,2024-04-05 10:02:57 UTC
7,7,Act of Treason,Ravnica Allegiance,RNA,91,Near Mint,German,,,,,,,,43528,,"",$0.00,2021-05-18 06:10:18 UTC
7,6,Act of Treason,Core Set 2020,M20,124,Near Mint,English,,,,,,,,45278,,"",$0.00,2024-04-05 10:03:00 UTC
1,0,Act of Treason,Core Set 2020,M20,124,Near Mint,English,foil,,,,,,,45278,,"",$0.00,2021-05-18 06:10:18 UTC
6,6,Act of Treason,Core Set 2020,M20,124,Near Mint,German,,,,,,,,45278,,"",$0.00,2021-05-18 06:10:18 UTC
1,0,Act on Impulse,Magic 2015 Core Set,M15,126,Near Mint,English,,,proof,,,,,24970,,"",$0.00,2021-05-18 06:10:18 UTC
1,0,Ad Nauseam,Double Masters,2XM,76,Near Mint,English,,,,,,,,52040,,"",$0.00,2021-05-18 06:10:18 UTC
8,7,Adamant Will,Dominaria,DOM,2,Near Mint,English,,,,,,,,38489,,"",$0.00,2024-04-05 10:03:05 UTC
1,1,Adamant Will,Dominaria,DOM,2,Near Mint,German,,,,,,,,38489,,"",$0.00,2021-06-07 06:24:20 UTC
4,3,Adamant Will,Innistrad: Crimson Vow,VOW,1,Near Mint,English,,,,,,,,61081,,"",$0.00,2024-04-05 10:03:17 UTC
1,0,Adamant Will,Foundations,fdn,488,Near Mint,English,,,,,,,,97665,,"",$0.00,2025-01-05 13:14:12 UTC
2,2,Adanto Vanguard,Ixalan,XLN,1,Near Mint,German,,,,,,,,36896,,"",$0.00,2021-05-18 06:10:18 UTC
8,7,Adanto Vanguard,Ixalan,XLN,1,Near Mint,English,,,,,,,,36896,,"",$0.00,2024-04-05 10:03:10 UTC
1,0,Adaptive Automaton,Magic 2012,M12,201,Good (Lightly Played),English,,,,,,,,18909,,"",$0.00,2021-05-18 06:10:18 UTC
1,0,Adaptive Omnitool,Aetherdrift Commander,drc,16,Near Mint,English,,,,,,,,100945,,"",$0.00,2025-02-26 08:31:18 UTC
5,4,Adaptive Shimmerer,Ikoria: Lair of Behemoths,IKO,1,Near Mint,English,,,,,,,,49626,,"",$0.00,2024-04-05 10:03:20 UTC
3,3,Adaptive Shimmerer,Ikoria: Lair of Behemoths,IKO,1,Near Mint,German,,,,,,,,49626,,"",$0.00,2021-05-18 06:10:18 UTC
1,0,Adarkar Valkyrie,Commander 2018,C18,60,Near Mint,German,,,,,,,,40007,,"",$0.00,2021-05-18 06:10:18 UTC
2,0,Adarkar Wastes,Modern Horizons 3 Commander,M3C,316,Near Mint,English,,,,,,,,92171,,"",$0.00,2024-06-21 15:14:47 UTC
2,0,Adarkar Wastes,Bloomburrow Commander,BLC,291,Near Mint,English,,,,,,,,93730,,"",$0.00,2024-08-05 18:55:11 UTC
1,0,Adarkar Wastes,Duskmourn: House of Horror Commander,DSC,258,Near Mint,English,,,,,,,,94940,,"",$0.00,2024-10-13 19:33:06 UTC
1,0,Adarkar Wastes,Aetherdrift Commander,drc,144,Near Mint,English,,,,,,,,101073,,"",$0.00,2025-02-26 08:31:18 UTC
1,0,Adarkar Wastes,Dominaria United,DMU,243,Near Mint,English,,,,,,,,67492,,"",$0.00,2023-01-22 10:17:31 UTC
1,0,"Adeline, Resplendent Cathar",March of the Machine Commander,MOC,167,Near Mint,English,,,,,,,,77667,,"",$0.00,2023-05-28 12:31:13 UTC
1,0,"Adeline, Resplendent Cathar",Innistrad: Midnight Hunt,MID,1,Near Mint,English,,,,,,,,59900,,"",$0.00,2021-10-09 07:57:42 UTC
3,2,"Adeliz, the Cinder Wind",Dominaria,DOM,190,Near Mint,English,,,,,,,,38422,,"",$0.00,2024-04-05 10:03:25 UTC
1,1,"Adeliz, the Cinder Wind",Dominaria,DOM,190,Near Mint,German,,,,,,,,38422,,"",$0.00,2024-04-05 10:03:27 UTC
1,0,"Adéwalé, Breaker of Chains",Assassin's Creed,ACR,44,Near Mint,English,,,,,,,,92551,,"",$0.00,2024-07-24 13:55:23 UTC
1,0,"Adéwalé, Breaker of Chains",Assassin's Creed,ACR,136,Near Mint,English,,,,,,,,92645,,"",$0.00,2024-07-24 13:55:23 UTC
1,0,Adipose Offspring,Doctor Who,WHO,10,Near Mint,English,,,,,,,,83057,,"",$0.00,2023-11-14 17:21:24 UTC
1,0,Admiral Beckett Brass,The Lost Caverns of Ixalan Commander,LCC,264,Near Mint,English,,,,,,,,84924,,"",$0.00,2024-04-21 12:05:56 UTC
4,3,Admiral Beckett Brass,Ixalan,XLN,217,Near Mint,English,,,,,,,,36956,,"",$0.00,2024-04-05 10:03:39 UTC
1,0,"Admiral Brass, Unsinkable",The Lost Caverns of Ixalan Commander,LCC,1,Near Mint,English,foil,,,,,,,84661,,"",$0.00,2024-04-21 12:05:56 UTC
1,0,"Admiral Brass, Unsinkable",The Lost Caverns of Ixalan Commander,LCC,121,Near Mint,English,foil,,,,,,,84781,Thick Stock,"",$0.00,2024-04-21 12:05:56 UTC
1,0,Admiral's Order,Rivals of Ixalan,RIX,31,Near Mint,English,,,,,,,,37924,,"",$0.00,2021-05-18 06:10:18 UTC
1,0,Admiral's Order,Rivals of Ixalan,RIX,31,Near Mint,German,foil,,,,,promo,,37924,,"",$0.00,2021-05-18 06:10:18 UTC
1,0,Admonition Angel,Zendikar Rising Commander,ZNC,10,Near Mint,English,,,,,,,,53123,,"",$0.00,2021-05-18 06:10:18 UTC
1,0,Adorable Kitten,Unsanctioned,UND,1,Near Mint,English,,,,,,,,49379,,"",$0.00,2021-05-18 06:10:18 UTC
1,0,"Adriana, Captain of the Guard",Commander 2020,C20,200,Near Mint,English,,,,,,,,50301,,"",$0.00,2021-05-18 06:10:18 UTC
1,0,"Adriana, Captain of the Guard",Dominaria United Commander,DMC,139,Near Mint,English,,,,,,,,68014,,"",$0.00,2022-12-22 17:24:27 UTC
1,0,"Adriana, Captain of the Guard",Phyrexia: All Will Be One Commander,ONC,114,Near Mint,English,,,,,,,,74395,,"",$0.00,2023-05-18 11:17:38 UTC
1,0,Adriana's Valor,Conspiracy: Take the Crown,CN2,1,Good (Lightly Played),English,,,,,,,,33352,,"",$0.00,2024-01-27 18:21:14 UTC
1,0,"Adric, Mathematical Genius",Doctor Who,WHO,33,Near Mint,English,,,,,,,,83080,,"",$0.00,2023-11-14 17:21:24 UTC
1,0,"Adrix and Nev, Twincasters",Commander 2021,C21,9,Near Mint,English,foil,,,,,,,56381,,"",$0.00,2021-05-18 07:02:45 UTC
1,0,"Adrix and Nev, Twincasters",Murders at Karlov Manor Commander,MKC,198,Near Mint,English,,,,,,,,87830,,"",$0.00,2024-03-24 11:08:14 UTC
1,0,Advent of the Wurm,Guilds of Ravnica Guild Kit,GK1,107,Near Mint,German,,,,,,,,42768,,"",$0.00,2021-05-18 06:10:18 UTC
8,7,Adventure Awaits,Zendikar Rising,ZNR,177,Near Mint,English,,,,,,,,52765,,"",$0.00,2024-04-05 10:03:50 UTC
4,4,Adventure Awaits,Zendikar Rising,ZNR,177,Near Mint,German,,,,,,,,52765,,"",$0.00,2024-04-05 10:03:46 UTC
2,0,Adventurous Impulse,Strixhaven Mystical Archive,STA,49,Near Mint,English,,,,,,,,56830,,"",$0.00,2021-06-04 14:20:41 UTC
5,4,Adventurous Impulse,Dominaria,DOM,153,Near Mint,English,,,,,,,,38595,,"",$0.00,2024-04-05 10:03:51 UTC
2,2,Adventurous Impulse,Dominaria,DOM,153,Near Mint,German,,,,,,,,38595,,"",$0.00,2021-06-07 07:06:50 UTC
3,2,Adventurous Impulse,Ikoria: Lair of Behemoths,IKO,142,Near Mint,English,,,,,,,,49767,,"",$0.00,2024-04-05 10:03:56 UTC
4,4,Adventurous Impulse,Ikoria: Lair of Behemoths,IKO,142,Near Mint,German,,,,,,,,49767,,"",$0.00,2024-04-05 10:04:00 UTC
1,0,"Aegar, the Freezing Flame",Multiverse Legends,MUL,31,Near Mint,English,,,,,,,,77981,,"",$0.00,2023-05-18 06:07:19 UTC
1,0,"Aegar, the Freezing Flame",Kaldheim,KHM,200,Near Mint,English,,,,,,,,54869,,"",$0.00,2023-05-18 06:07:19 UTC
2,0,Aegis of the Heavens,Core Set 2019,M19,1,Near Mint,English,,,,,,,,39633,,"",$0.00,2021-05-18 06:10:18 UTC
2,0,Aegis of the Legion,Ravnica: Clue Edition,CLU,22,Near Mint,English,,,,,,,,88012,,"",$0.00,2024-07-13 18:25:14 UTC
2,2,Aegis Turtle,Ikoria: Lair of Behemoths,IKO,39,Near Mint,German,,,,,,,,49664,,"",$0.00,2021-05-18 06:10:18 UTC
6,5,Aegis Turtle,Ikoria: Lair of Behemoths,IKO,39,Near Mint,English,,,,,,,,49664,,"",$0.00,2024-04-05 10:04:07 UTC
1,0,Aeon Engine,Commander 2019,C19,52,Near Mint,English,,,,,,,,45955,,"",$0.00,2021-05-18 06:10:18 UTC
6,5,Aerial Assault,Core Set 2020,M20,1,Near Mint,English,,,,,,,,45188,,"",$0.00,2023-09-06 05:52:07 UTC
1,0,Aerial Assault,Core Set 2020,M20,1,Near Mint,English,foil,,,,,,,45188,,"",$0.00,2021-05-18 06:10:18 UTC
5,5,Aerial Assault,Core Set 2020,M20,1,Near Mint,German,,,,,,,,45188,,"",$0.00,2021-05-18 06:10:18 UTC
2,0,Aerial Engineer,Core Set 2019,M19,211,Near Mint,English,,,,,,,,39615,,"",$0.00,2021-05-18 06:10:18 UTC
1,0,Aerial Extortionist,Streets of New Capenna Commander,NCC,11,Near Mint,English,,,,,,,,64195,,"",$0.00,2023-03-25 18:52:32 UTC
1,0,Aerial Extortionist,Murders at Karlov Manor Commander,MKC,54,Near Mint,English,,,,,,,,87686,,"",$0.00,2024-03-24 11:08:14 UTC
1,0,Aerial Responder,Commander 2020,C20,72,Near Mint,English,,,,,,,,50173,,"",$0.00,2021-05-18 06:10:18 UTC
4,0,Aerialephant,Unfinity,UNF,2,Near Mint,English,,,,,,,,68523,,"",$0.00,2023-11-22 19:41:58 UTC
4,0,Aeromoeba,Modern Horizons 2,MH2,37,Near Mint,English,,,,,,,,57331,,"",$0.00,2021-07-05 10:11:33 UTC
1,0,Aeromoeba,Modern Horizons 2,MH2,389,Near Mint,English,,,,,,,,57683,Retro Frame,"",$0.00,2021-06-28 05:26:40 UTC
13,12,Aeromunculus,Ravnica Allegiance,RNA,152,Near Mint,English,,,,,,,,43530,,"",$0.00,2023-09-06 05:52:21 UTC
1,1,Aeromunculus,Ravnica Allegiance,RNA,152,Near Mint,German,,,,,,,,43530,,"",$0.00,2021-05-18 06:10:18 UTC
1,0,Aeronaut Admiral,Kamigawa: Neon Dynasty Commander,NEC,79,Near Mint,English,,,,,,,,63273,,"",$0.00,2022-03-12 19:16:13 UTC
1,0,Aeronaut Cavalry,The Brothers' War,BRO,1,Near Mint,English,,,,,,,,70050,,"",$0.00,2023-02-23 20:04:48 UTC
2,0,Aeronaut's Wings,The Brothers' War,BRO,231,Near Mint,English,,,,,,,,70281,,"",$0.00,2023-02-23 20:04:42 UTC
1,0,"Aesi, Tyrant of Gyre Strait",Commander Legends,CMR,365,Near Mint,English,foil,,,,,,,54043,,"",$0.00,2021-05-18 06:10:18 UTC
1,0,"Aesi, Tyrant of Gyre Strait",Duskmourn: House of Horror Commander,DSC,210,Near Mint,English,,,,,,,,94892,,"",$0.00,2024-10-13 19:33:06 UTC
5,4,Aesthir Glider,Dominaria,DOM,209,Near Mint,English,,,,,,,,38665,,"",$0.00,2023-09-06 05:52:23 UTC
1,1,Aesthir Glider,Dominaria,DOM,209,Near Mint,German,,,,,,,,38665,,"",$0.00,2021-05-18 06:10:18 UTC
1,0,Aether Channeler,Bloomburrow Commander,BLC,160,Near Mint,English,,,,,,,,93599,,"",$0.00,2024-08-05 18:55:11 UTC
1,0,Aether Channeler,Dominaria United,DMU,42,Near Mint,English,,,,,,,,67291,,"",$0.00,2023-02-23 09:32:58 UTC
1,0,Aether Gale,Commander 2018,C18,80,Near Mint,German,,,,,,,,40037,,"",$0.00,2021-05-18 06:10:18 UTC
1,0,Aether Gale,Commander 2021,C21,113,Near Mint,English,,,,,,,,56485,,"",$0.00,2021-05-18 06:10:18 UTC
1,0,Aether Gale,Commander Legends: Battle for Baldur's Gate,CLB,712,Near Mint,English,,,,,,,,65828,,"",$0.00,2022-08-02 16:53:55 UTC
1,0,Aether Gale,Duskmourn: House of Horror Commander,DSC,109,Near Mint,English,,,,,,,,94791,,"",$0.00,2024-10-13 19:33:06 UTC
4,0,Aether Gust,Core Set 2020,M20,42,Near Mint,English,,,,,,,,45286,,"",$0.00,2021-05-18 06:10:18 UTC
1,1,Aether Gust,Core Set 2020,M20,42,Near Mint,German,,,,,,,,45286,,"",$0.00,2021-05-18 06:10:18 UTC
2,0,Aether Helix,Strixhaven: School of Mages,STX,162,Near Mint,English,,,,,,,,56057,,"",$0.00,2021-05-22 08:55:32 UTC
1,0,Aether Hub,Modern Horizons 3 Commander,M3C,317,Near Mint,English,,,,,,,,92172,,"",$0.00,2024-06-21 15:14:47 UTC
1,0,Aether Hub,Aetherdrift Commander,drc,145,Near Mint,English,,,,,,,,101074,,"",$0.00,2025-02-26 08:31:18 UTC
2,0,Aether Hub,Kaladesh,KLD,242,Near Mint,English,,,proof,,,,,33602,,"",$0.00,2021-05-18 06:10:18 UTC
7,3,Aether Hub,Kaladesh,KLD,242,Near Mint,English,,,,,,,,33602,,"",$0.00,2021-05-18 06:10:18 UTC
1,0,Aether Inspector,Aether Revolt,AER,3,Near Mint,German,,,,,,,,34600,,"",$0.00,2021-05-18 06:10:18 UTC
1,0,Aether Refinery,Modern Horizons 3 Commander,M3C,106,Near Mint,English,,,,,,,,91970,,"",$0.00,2024-06-21 15:14:47 UTC
1,0,Aether Snap,Streets of New Capenna Commander,NCC,241,Near Mint,English,,,,,,,,64425,,"",$0.00,2023-03-25 19:15:51 UTC
1,0,Aether Spellbomb,Jumpstart,JMP,456,Near Mint,English,,,,,,,,51464,,"",$0.00,2021-05-18 06:10:18 UTC
2,0,Aether Spike,Modern Horizons 3,MH3,50,Near Mint,English,,,,,,,,91360,,"",$0.00,2024-09-04 19:56:07 UTC
1,0,Aether Sting,Urza's Destiny,CG,76,Played,English,,,,,,,,1562,,"",$0.00,2021-05-18 06:10:18 UTC
1,0,Aether Syphon,Aetherdrift,dft,38,Near Mint,English,,,,,,,,100400,,"",$0.00,2025-02-18 19:37:12 UTC
4,0,Aether Theorist,Kaladesh,KLD,37,Near Mint,English,,,,,,,,33491,,"",$0.00,2021-05-18 06:10:18 UTC
5,4,Aether Tunnel,Core Set 2019,M19,43,Near Mint,English,,,,,,,,39575,,"",$0.00,2023-09-06 05:52:31 UTC
1,1,Aether Tunnel,Core Set 2019,M19,43,Near Mint,German,,,,,,,,39575,,"",$0.00,2021-05-18 06:10:18 UTC
2,0,Aetherblade Agent // Gitaxian Mindstinger,March of the Machine,MOM,88,Near Mint,English,,,,,,,,77182,,"",$0.00,2023-05-07 14:12:46 UTC
1,0,Aetherborn Marauder,Outlaws of Thunder Junction Commander,OTC,125,Near Mint,English,,,,,,,,90696,,"",$0.00,2024-05-11 10:48:45 UTC
1,0,Aetherflux Conduit,Aetherdrift Commander,drc,17,Near Mint,English,,,,,,,,100946,,"",$0.00,2025-02-26 08:31:18 UTC
1,0,Aetherflux Reservoir,Kaladesh,KLD,192,Near Mint,English,,,,,,,,33600,,"",$0.00,2021-05-18 06:10:18 UTC
1,0,Aetherflux Reservoir,Kaladesh,KLD,192,Good (Lightly Played),English,,,,,,,,33600,,"",$0.00,2021-05-18 06:10:18 UTC
1,0,Aethergeode Miner,Modern Horizons 3 Commander,M3C,163,Near Mint,English,,,,,,,,92018,,"",$0.00,2024-06-21 15:14:47 UTC
1,0,Aetheric Amplifier,Aetherdrift Commander,drc,18,Near Mint,English,,,,,,,,100947,,"",$0.00,2025-02-26 08:31:18 UTC
1,0,Aetherize,Zendikar Rising Commander,ZNC,23,Near Mint,English,,,,,,,,53136,,"",$0.00,2021-05-18 06:10:18 UTC
1,0,Aetherize,"Warhammer 40,000",40K,191,Near Mint,English,,,,,,,,69412,,"",$0.00,2022-10-26 06:00:36 UTC
1,0,Aetherize,The Lost Caverns of Ixalan Commander,LCC,142,Near Mint,English,,,,,,,,84802,,"",$0.00,2024-04-21 12:05:56 UTC
1,0,Aetherize,Bloomburrow Commander,BLC,161,Near Mint,English,,,,,,,,93600,,"",$0.00,2024-08-05 18:55:11 UTC
1,0,Aetherjacket,Aetherdrift,dft,230,Near Mint,English,,,,,,,,100592,,"",$0.00,2025-02-18 19:39:30 UTC
1,0,Aetherjacket,Aetherdrift,dft,230,Near Mint,German,,,,,,,,100592,,"",$0.00,2025-02-27 08:29:46 UTC
1,0,Aethermage's Touch,Commander 2018,C18,168,Near Mint,German,,,,,,,,39929,,"",$0.00,2021-05-18 06:10:18 UTC
1,0,Aethershield Artificer,Core Set 2019,M19,2,Near Mint,English,foil,,,,,,,39581,,"",$0.00,2021-05-18 06:10:18 UTC
3,0,Aethershield Artificer,Core Set 2019,M19,2,Near Mint,English,,,,,,,,39581,,"",$0.00,2021-05-18 06:10:18 UTC
2,0,Aethersnipe,Ultimate Masters,UMA,44,Near Mint,English,,,,,,,,42842,,"",$0.00,2024-05-17 20:00:08 UTC
1,0,Aethersphere Harvester,Modern Horizons 3 Commander,M3C,280,Near Mint,English,,,,,,,,92135,,"",$0.00,2024-06-21 15:14:47 UTC
2,0,Aethersphere Harvester,Aether Revolt,AER,142,Near Mint,English,,,,,,,,34504,,"",$0.00,2021-05-18 06:10:18 UTC
1,0,Aetherspouts,Commander 2021,C21,114,Near Mint,English,,,,,,,,56486,,"",$0.00,2021-05-18 06:10:18 UTC
1,0,Aetherspouts,Innistrad: Midnight Hunt Commander,MIC,97,Near Mint,English,,,,,,,,60587,,"",$0.00,2021-11-04 07:05:05 UTC
1,0,Aethersquall Ancient,Modern Horizons 3 Commander,M3C,174,Near Mint,English,,,,,,,,92029,,"",$0.00,2024-06-21 15:14:47 UTC
1,0,Aethersquall Ancient,Aetherdrift Commander,drc,68,Near Mint,English,,,,,,,,100997,,"",$0.00,2025-02-26 08:31:18 UTC
1,0,Aetherstorm Roc,Modern Horizons 3 Commander,M3C,164,Near Mint,English,,,,,,,,92019,,"",$0.00,2024-06-21 15:14:47 UTC
1,0,Aethertide Whale,Modern Horizons 3 Commander,M3C,175,Near Mint,English,,,,,,,,92030,,"",$0.00,2024-06-21 15:14:47 UTC
1,0,Aethertide Whale,Aetherdrift Commander,drc,69,Near Mint,English,,,,,,,,100998,,"",$0.00,2025-02-26 08:31:18 UTC
1,0,Aetherwind Basker,Aetherdrift Commander,drc,107,Near Mint,English,,,,,,,,101036,,"",$0.00,2025-02-26 08:31:18 UTC
1,0,Aetherworks Marvel,Modern Horizons 3 Commander,M3C,281,Near Mint,English,,,,,,,,92136,,"",$0.00,2024-06-21 15:14:47 UTC
1,0,Aetherworks Marvel,Aetherdrift Commander,drc,123,Near Mint,English,,,,,,,,101052,,"",$0.00,2025-02-26 08:31:18 UTC
4,0,Aetherworks Marvel,Kaladesh,KLD,193,Near Mint,English,,,,,,,,33572,,"",$0.00,2021-05-18 06:10:18 UTC
1,0,"Aeve, Progenitor Ooze",Modern Horizons 2,MH2,148,Near Mint,English,,,,,,,,57442,,"",$0.00,2021-06-26 05:47:44 UTC
2,0,Affectionate Indrik,Jumpstart,JMP,373,Near Mint,English,,,,,,,,51381,,"",$0.00,2021-05-18 06:10:18 UTC
1,0,Affectionate Indrik,Guilds of Ravnica,GRN,121,Near Mint,English,,,,,,,,42454,,"",$0.00,2021-05-18 06:10:18 UTC
3,0,Affectionate Indrik,Guilds of Ravnica,GRN,121,Near Mint,German,,,,,,,,42454,,"",$0.00,2021-05-18 06:10:18 UTC
1,0,Afterburner Expert,Aetherdrift,dft,150,Near Mint,German,,,,,,,,100512,,"",$0.00,2025-02-27 08:29:46 UTC
1,0,Afterlife,Mercadian Masques,MM,1,Played,German,,,,,,,,7008,,"",$0.00,2021-05-18 06:10:18 UTC
1,0,Aftermath Analyst,Murders at Karlov Manor,MKM,148,Near Mint,German,,,,,,,,87325,,"",$0.00,2024-02-08 12:16:30 UTC
1,0,Agate Assault,Bloomburrow,BLB,122,Near Mint,German,,,,,,,,93134,,"",$0.00,2024-07-30 19:08:31 UTC
1,0,Agate Instigator,Bloomburrow Commander,BLC,21,Near Mint,English,,,,,,,,93460,,"",$0.00,2024-08-05 18:55:11 UTC
1,0,Agatha's Soul Cauldron,Wilds of Eldraine,WOE,242,Near Mint,English,,,,,,,,82185,,"",$0.00,2024-10-29 18:01:10 UTC
1,0,Ageless Entity,Commander 2021,C21,184,Near Mint,English,,,,,,,,56556,,"",$0.00,2021-05-18 06:10:18 UTC
4,0,Ageless Guardian,Strixhaven: School of Mages,STX,8,Near Mint,English,,,,,,,,55903,,"",$0.00,2021-06-04 04:43:40 UTC
1,0,Agency Coroner,Murders at Karlov Manor,MKM,75,Mint,English,,,,,,,,87252,,"",$0.00,2024-02-17 18:59:47 UTC
2,0,Agency Outfitter,Murders at Karlov Manor,MKM,38,Near Mint,English,,,,,,,,87215,,"",$0.00,2024-02-16 20:33:44 UTC
1,0,Agent Frank Horrigan,Fallout,PIP,89,Near Mint,English,,,,,,,,88805,,"",$0.00,2024-03-25 20:41:51 UTC
1,0,Agent of Erebos,Journey into Nyx,JOU,59,Good (Lightly Played),English,,,,,,,,24579,,"",$0.00,2021-05-18 06:10:18 UTC
1,0,Agent of the Shadow Thieves,Commander Legends: Battle for Baldur's Gate,CLB,108,Near Mint,English,,,,,,,,65263,,"",$0.00,2022-08-01 17:30:23 UTC
3,0,Agent of Treachery,Core Set 2020,M20,43,Near Mint,English,,,,,,,,45074,,"",$0.00,2021-05-18 06:10:18 UTC
1,0,Agent of Treachery,Core Set 2020,M20,43,Near Mint,German,,,,,,,,45074,,"",$0.00,2021-05-18 06:10:18 UTC
1,0,Agent's Toolkit,Streets of New Capenna Commander,NCC,66,Near Mint,English,,,,,,,,64250,,"",$0.00,2023-03-25 18:52:32 UTC
1,0,Aggressive Biomancy,Modern Horizons 3 Commander,M3C,121,Near Mint,English,,,,,,,,91984,,"",$0.00,2024-06-21 15:14:47 UTC
1,0,Aggressive Instinct,Global Series: Jiang Yanggu and Mu Yanling,GS1,34,Near Mint,English,,,proof,,,,,39393,,"",$0.00,2021-05-18 06:10:18 UTC
1,0,Aggressive Mammoth,Core Set 2020,M20,337,Near Mint,German,,,,,,,,45209,,"",$0.00,2021-05-18 06:10:18 UTC
1,0,Aggressive Mammoth,Foundations,fdn,551,Near Mint,English,,,,,,,,97728,,"",$0.00,2025-01-05 13:46:05 UTC
1,0,Aggressive Sabotage,Dominaria United,DMU,78,Near Mint,English,foil,,,,,,,67327,,"",$0.00,2023-01-27 11:07:41 UTC
1,0,Aggressive Urge,The List,PLIST,122,Near Mint,English,,,,,,,,47992,RIX,"",$0.00,2021-05-18 06:10:18 UTC
2,0,Aggressive Urge,Rivals of Ixalan,RIX,122,Near Mint,English,,,proof,,,,,37769,,"",$0.00,2021-05-18 06:10:18 UTC
4,0,Aggressive Urge,Rivals of Ixalan,RIX,122,Near Mint,English,,,,,,,,37769,,"",$0.00,2021-05-18 06:10:18 UTC
1,1,Aggressive Urge,Rivals of Ixalan,RIX,122,Near Mint,German,,,,,,,,37769,,"",$0.00,2021-05-18 06:10:18 UTC
1,0,Agility,Mirage,MI,154,Good (Lightly Played),English,,,,,,,,10432,,"",$0.00,2025-01-09 17:16:55 UTC
1,0,Agility Bobblehead,Fallout,PIP,126,Near Mint,English,,,,,,,,88842,,"",$0.00,2024-03-25 20:41:51 UTC
1,0,Agitator Ant,Commander 2020,C20,49,Near Mint,English,,,,,,,,50150,,"",$0.00,2021-05-18 06:10:18 UTC
1,0,Agitator Ant,Kamigawa: Neon Dynasty Commander,NEC,102,Near Mint,English,,,,,,,,63296,,"",$0.00,2022-03-12 19:16:13 UTC
1,0,Agitator Ant,Streets of New Capenna Commander,NCC,263,Near Mint,English,,,,,,,,64447,,"",$0.00,2023-03-25 19:15:51 UTC
1,0,Agitator Ant,Commander Legends: Battle for Baldur's Gate,CLB,776,Near Mint,English,,,,,,,,65892,,"",$0.00,2022-08-02 16:53:55 UTC
1,0,Agitator Ant,Murders at Karlov Manor Commander,MKC,145,Near Mint,English,,,,,,,,87777,,"",$0.00,2024-03-24 11:08:14 UTC
2,0,Agonizing Remorse,Strixhaven Mystical Archive,STA,24,Near Mint,English,,,,,,,,56805,,"",$0.00,2021-06-02 07:09:54 UTC
1,0,Agonizing Remorse,Theros Beyond Death,THB,83,Near Mint,German,,,,,,,,48823,,"",$0.00,2021-05-18 06:10:18 UTC
1,0,Agonizing Syphon,Jumpstart,JMP,199,Near Mint,English,,,,,,,,51207,,"",$0.00,2021-05-18 06:10:18 UTC
6,5,Agonizing Syphon,Core Set 2020,M20,83,Near Mint,English,,,,,,,,45361,,"",$0.00,2023-09-06 05:52:35 UTC
1,1,Agonizing Syphon,Core Set 2020,M20,83,Near Mint,German,,,,,,,,45361,,"",$0.00,2021-05-18 06:10:18 UTC
1,0,Agonizing Syphon,Core Set 2020,M20,83,Near Mint,German,foil,,,,,,,45361,,"",$0.00,2021-05-18 06:10:18 UTC
1,0,"Agrus Kos, Spirit of Justice",Murders at Karlov Manor,MKM,354,Near Mint,English,,,,,,,,87532,,"",$0.00,2024-03-24 08:26:14 UTC
1,0,"Agrus Kos, Wojek Veteran",Guilds of Ravnica Guild Kit,GK1,83,Near Mint,German,,,,,,,,42746,,"",$0.00,2021-05-18 06:10:18 UTC
1,0,Ahn-Crop Crasher,Amonkhet,AKH,117,Near Mint,English,,,,,,,,35191,,"",$0.00,2021-05-18 06:10:18 UTC
1,0,Ahn-Crop Crasher,Amonkhet,AKH,117,Near Mint,English,,,proof,,,,,35191,,"",$0.00,2021-05-18 06:10:18 UTC
3,0,Ahn-Crop Invader,War of the Spark,WAR,113,Near Mint,English,,,,,,,,44261,,"",$0.00,2021-05-18 06:10:18 UTC
4,3,Ahn-Crop Invader,War of the Spark,WAR,113,Near Mint,German,,,,,,,,44261,,"",$0.00,2021-05-18 06:10:18 UTC
1,1,Ahn-Crop Invader,War of the Spark,WAR,113,Near Mint,Japanese,,,,,,,,44261,,"",$0.00,2021-05-18 06:10:18 UTC
1,0,Aid from the Cowl,March of the Machine Commander,MOC,290,Near Mint,English,,,,,,,,77790,,"",$0.00,2023-05-28 12:31:13 UTC
1,0,Aid from the Cowl,Aether Revolt,AER,105,Near Mint,German,,,,,,,,34604,,"",$0.00,2021-05-18 06:10:18 UTC
7,3,Aid the Fallen,War of the Spark,WAR,76,Near Mint,English,,,,,,,,44308,,"",$0.00,2021-05-18 06:10:18 UTC
3,3,Aid the Fallen,War of the Spark,WAR,76,Near Mint,German,,,,,,,,44308,,"",$0.00,2021-05-18 06:10:18 UTC
3,0,Aim for the Head,Innistrad: Crimson Vow,VOW,92,Near Mint,English,,,,,,,,61172,,"",$0.00,2021-12-25 07:33:26 UTC
1,0,Aim High,Battlebond,BBD,189,Near Mint,English,,,,,,,,39006,,"",$0.00,2022-03-23 06:07:59 UTC
1,0,Aim High,Battlebond,BBD,189,Near Mint,English,foil,,,,,,,39006,,"",$0.00,2022-02-10 07:19:53 UTC
4,0,Aim High,Shadows over Innistrad,SOI,193,Near Mint,English,,,,,,,,30945,,"",$0.00,2021-05-18 06:10:18 UTC
1,0,Ainok Artillerist,Dragons of Tarkir,DTK,171,Near Mint,English,,,,,,,,27635,,"",$0.00,2021-05-18 06:10:18 UTC
1,0,Ainok Bond-Kin,Iconic Masters,IMA,4,Near Mint,English,foil,,,,,,,37108,,"",$0.00,2021-05-18 06:10:18 UTC
1,0,Ainok Bond-Kin,Innistrad: Midnight Hunt Commander,MIC,78,Near Mint,English,,,,,,,,60568,,"",$0.00,2021-11-04 07:05:05 UTC
1,0,Ainok Bond-Kin,Khans of Tarkir,KTK,3,Near Mint,English,,,proof,,,,,26219,,"",$0.00,2021-05-18 06:10:18 UTC
1,0,Ainok Survivalist,Commander 2019,C19,156,Near Mint,English,,,,,,,,45765,,"",$0.00,2021-05-18 06:10:18 UTC
1,0,Ainok Survivalist,Murders at Karlov Manor Commander,MKC,165,Near Mint,English,,,,,,,,87797,,"",$0.00,2024-03-24 11:08:14 UTC
1,0,Air Elemental,Portal Second Age,P2,31,Good (Lightly Played),German,,,,,,,,6558,,"",$0.00,2021-05-18 06:10:18 UTC
4,0,Air Elemental,Ixalan,XLN,45,Near Mint,English,,,,,,,,36784,,"",$0.00,2021-05-18 06:10:18 UTC
2,0,Air Elemental,Core Set 2020,M20,44,Near Mint,English,,,,,,,,45081,,"",$0.00,2021-05-18 06:10:18 UTC
1,0,Air Elemental,Core Set 2020,M20,44,Near Mint,German,,,,,,,,45081,,"",$0.00,2021-05-18 06:10:18 UTC
8,0,Air-Cult Elemental,Adventures in the Forgotten Realms,AFR,45,Near Mint,English,,,,,,,,58326,,"",$0.00,2021-11-15 07:53:42 UTC
2,0,Airlift Chaplain,The Brothers' War,BRO,2,Near Mint,English,,,,,,,,70051,,"",$0.00,2023-02-23 20:05:48 UTC
2,0,Airlift Chaplain,The Brothers' War,BRO,2,Near Mint,English,foil,,,,,,,70051,,"",$0.00,2023-01-27 11:33:07 UTC
1,0,Airtight Alibi,Murders at Karlov Manor,MKM,149,Near Mint,English,,,,,,,,87326,,"",$0.00,2024-02-16 20:44:03 UTC
1,0,Airtight Alibi,Murders at Karlov Manor,MKM,149,Near Mint,German,,,,,,,,87326,,"",$0.00,2024-02-08 12:16:30 UTC
1,0,Ajani Unyielding,Commander 2020,C20,201,Near Mint,English,,,,,,,,50302,,"",$0.00,2021-05-18 06:10:18 UTC
1,0,Ajani Unyielding,Streets of New Capenna Commander,NCC,324,Near Mint,English,,,,,,,,64508,,"",$0.00,2023-03-25 19:15:51 UTC
1,0,"Ajani, Adversary of Tyrants",Core Set 2019,M19,3,Near Mint,English,,,,,,,,39726,,"",$0.00,2021-05-18 06:10:18 UTC
1,0,"Ajani, Strength of the Pride",Core Set 2020,M20,2,Near Mint,English,,,,,,,,45300,,"",$0.00,2021-05-18 06:10:18 UTC
2,0,"Ajani, the Greathearted",War of the Spark,WAR,184,Near Mint,English,,,,,,,,44147,,"",$0.00,2021-05-18 06:10:18 UTC
1,0,Ajani's Chosen,Commander 2018,C18,61,Near Mint,German,,,,,,,,39932,,"",$0.00,2021-05-18 06:10:18 UTC
1,0,Ajani's Chosen,Wilds of Eldraine Commander,WOC,59,Near Mint,English,,,,,,,,82401,,"",$0.00,2023-11-02 16:23:17 UTC
2,0,Ajani's Last Stand,Core Set 2019,M19,4,Near Mint,English,,,,,,,,39450,,"",$0.00,2021-05-18 06:10:18 UTC
3,0,Ajani's Pridemate,Core Set 2019,M19,5,Near Mint,English,,,,,,,,39536,,"",$0.00,2021-05-18 06:10:18 UTC
1,0,Ajani's Pridemate,Core Set 2019,M19,5,Near Mint,German,,,,,,,,39536,,"",$0.00,2021-05-18 06:10:18 UTC
7,3,Ajani's Pridemate,War of the Spark,WAR,4,Near Mint,English,,,,,,,,44131,,"",$0.00,2021-05-18 06:10:18 UTC
4,4,Ajani's Pridemate,War of the Spark,WAR,4,Near Mint,German,,,,,,,,44131,,"",$0.00,2021-05-18 06:10:18 UTC
1,0,Ajani's Pridemate,Foundations,fdn,135,Near Mint,English,,,,,,,,97312,,"",$0.00,2025-01-05 13:03:59 UTC
3,0,Ajani's Welcome,Core Set 2019,M19,6,Near Mint,English,,,,,,,,39513,,"",$0.00,2021-05-18 06:10:18 UTC
1,0,Ajani's Welcome,Core Set 2019,M19,6,Near Mint,German,,,,,,,,39513,,"",$0.00,2021-05-18 06:10:18 UTC
1,0,"Akim, the Soaring Wind",Commander 2020,C20,6,Near Mint,English,foil,,,,,,,50107,,"",$0.00,2021-05-18 06:10:18 UTC
1,0,"Akiri, Fearless Voyager",Zendikar Rising,ZNR,220,Near Mint,English,,,,,,,,52808,,"",$0.00,2021-05-18 06:10:18 UTC
1,0,Akki Battle Squad,Kamigawa: Neon Dynasty Commander,NEC,18,Near Mint,English,,,,,,,,63212,,"",$0.00,2022-03-12 19:16:13 UTC
2,0,Akki Drillmaster,Saviors of Kamigawa,SOK,92,Good (Lightly Played),English,,,,,,,,13967,,"",$0.00,2024-05-03 19:17:37 UTC
4,0,Akki Ember-Keeper,Kamigawa: Neon Dynasty,NEO,130,Near Mint,English,,,,,,,,62793,,"",$0.00,2022-04-02 18:28:44 UTC
1,0,Akki Ember-Keeper,Kamigawa: Neon Dynasty,NEO,130,Near Mint,English,foil,,,,,,,62793,,"",$0.00,2022-03-15 06:18:02 UTC
2,0,Akki Ronin,Kamigawa: Neon Dynasty,NEO,131,Near Mint,English,,,,,,,,62794,,"",$0.00,2022-03-25 17:08:20 UTC
2,0,Akki Ronin,Kamigawa: Neon Dynasty,NEO,319,Near Mint,English,,,,,,,,62982,,"",$0.00,2022-03-10 13:58:19 UTC
1,0,Akki Scrapchomper,March of the Machine,MOM,130,Near Mint,English,,,,,,,,77224,,"",$0.00,2023-05-07 14:13:26 UTC
3,0,Akki War Paint,Kamigawa: Neon Dynasty,NEO,132,Near Mint,English,,,,,,,,62795,,"",$0.00,2022-04-02 17:57:32 UTC
1,0,Akoum,Planechase Anthology Planes,PCA_P,12,Near Mint,English,,,,,,,,34243,,"",$0.00,2021-05-18 06:10:18 UTC
7,5,Akoum Hellhound,Zendikar Rising,ZNR,133,Near Mint,English,,,,,,,,52721,,"",$0.00,2021-05-18 06:10:18 UTC
1,0,Akoum Hellhound,Zendikar Rising,ZNR,133,Near Mint,English,foil,,,,,,,52721,,"",$0.00,2021-05-18 06:10:18 UTC
1,0,Akoum Hellhound,Zendikar Rising,ZNR,133,Near Mint,German,,,,,,,,52721,,"",$0.00,2021-05-18 06:10:18 UTC
1,0,Akoum Hellhound,Zendikar Rising,ZNR,299,Near Mint,English,,,,,,,,52887,Showcase,"",$0.00,2021-05-18 06:10:18 UTC
2,0,Akoum Refuge,Commander Anthology,CMA,238,Near Mint,English,,,proof,,,,,35746,,"",$0.00,2021-05-18 06:10:18 UTC
1,0,Akoum Refuge,Commander 2017,C17,233,Near Mint,English,,,,,,,,36546,,"",$0.00,2021-05-18 06:10:18 UTC
1,0,Akoum Refuge,Commander 2018,C18,231,Near Mint,German,,,,,,,,40152,,"",$0.00,2021-05-18 06:10:18 UTC
1,0,Akoum Refuge,Commander 2019,C19,226,Near Mint,English,,,,,,,,45871,,"",$0.00,2021-05-18 06:10:18 UTC
5,3,Akoum Warrior // Akoum Teeth,Zendikar Rising,ZNR,134,Near Mint,English,,,,,,,,52722,,"",$0.00,2021-05-18 06:10:18 UTC
1,0,Akoum Warrior // Akoum Teeth,Zendikar Rising,ZNR,134,Near Mint,German,,,,,,,,52722,,"",$0.00,2021-05-18 06:10:18 UTC
3,0,Akroan Crusader,Ultimate Masters,UMA,121,Near Mint,English,,,,,,,,42919,,"",$0.00,2021-05-18 06:10:18 UTC
1,0,Akroan Horse,Commander 2016,C16,241,Near Mint,English,,,,,,,,34139,,"",$0.00,2021-05-18 06:10:18 UTC
1,0,Akroan Sergeant,Magic Origins,ORI,130,Near Mint,English,,,,,,,,28459,,"",$0.00,2021-05-18 06:10:18 UTC
1,0,"Akroma, Angel of Fury",Murders at Karlov Manor Commander,MKC,146,Near Mint,English,,,,,,,,87778,,"",$0.00,2024-03-24 11:08:14 UTC
1,0,"Akroma, Angel of Wrath",Commander 2020,C20,73,Near Mint,English,,,,,,,,50174,,"",$0.00,2021-05-18 06:10:18 UTC
1,0,Akroma's Memorial,Time Spiral Remastered,TSR,262,Near Mint,English,,,,,,,,55648,,"",$0.00,2021-05-18 06:10:18 UTC
1,0,Akroma's Vengeance,Commander 2018,C18,62,Near Mint,German,,,,,,,,39969,,"",$0.00,2021-05-18 06:10:18 UTC
1,0,Akroma's Vengeance,Commander 2020,C20,74,Near Mint,English,,,,,,,,50175,,"",$0.00,2021-05-18 06:10:18 UTC
1,0,Akroma's Will,The Lost Caverns of Ixalan Commander,LCC,125,Near Mint,English,,,,,,,,84785,,"",$0.00,2024-09-24 18:51:40 UTC
1,0,Akroma's Will,Modern Horizons 3 Commander,M3C,165,Near Mint,English,,,,,,,,92020,,"",$0.00,2024-06-21 15:14:47 UTC
1,0,Akul the Unrepentant,Outlaws of Thunder Junction,OTJ,189,Near Mint,German,foil,,,,,,,90180,,"",$0.00,2024-04-19 19:10:30 UTC
1,0,Alabaster Host Intercessor,March of the Machine,MOM,3,Near Mint,English,,,,,,,,77097,,"",$0.00,2024-02-06 16:36:07 UTC
1,0,Alabaster Mage,Jumpstart,JMP,83,Near Mint,English,,,,,,,,51091,,"",$0.00,2021-05-18 06:10:18 UTC
1,0,Alabaster Mage,Double Masters,2XM,2,Near Mint,English,foil,,,,,,,51966,,"",$0.00,2021-05-18 06:10:18 UTC
2,0,Alabaster Mage,Double Masters,2XM,2,Near Mint,English,,,,,,,,51966,,"",$0.00,2021-05-18 06:10:18 UTC
2,0,Alabaster Potion,Introductory Two-Player Set,ITP,1,Good (Lightly Played),German,,,,,,,,23789,,"",$0.00,2024-10-23 07:49:01 UTC
1,0,Alaborn Grenadier,Portal Second Age,P2,122,Good (Lightly Played),English,,,,,,,,13613,,"",$0.00,2021-05-18 06:10:18 UTC
1,0,Alaborn Trooper,Portal Second Age,P2,124,Good (Lightly Played),German,,,,,,,,13605,,"",$0.00,2021-05-18 06:10:18 UTC
1,0,Alaborn Zealot,Portal Second Age,P2,126,Played,German,,,,,,,,13604,,"",$0.00,2021-05-18 06:10:18 UTC
1,0,Alacrian Armory,Aetherdrift,dft,2,Near Mint,English,,,,,,,,100364,,"",$0.00,2025-02-18 19:46:43 UTC
1,0,Alacrian Jaguar,Aetherdrift,dft,152,Near Mint,English,,,,,,,,100514,,"",$0.00,2025-02-18 19:50:34 UTC
1,0,Alacrian Jaguar,Aetherdrift,dft,152,Near Mint,German,,,,,,,,100514,,"",$0.00,2025-02-27 08:29:46 UTC
1,0,"Alandra, Sky Dreamer",Murders at Karlov Manor Commander,MKC,94,Near Mint,English,,,,,,,,87726,,"",$0.00,2024-03-24 11:08:14 UTC
1,0,Alania's Pathmaker,Bloomburrow,BLB,123,Near Mint,German,foil,,,,,,,93135,,"",$0.00,2024-07-30 19:08:31 UTC
1,0,Alania's Pathmaker,Bloomburrow,BLB,123,Near Mint,German,,,,,,,,93135,,"",$0.00,2024-07-30 19:08:31 UTC
2,0,Alania's Pathmaker,Bloomburrow,BLB,123,Near Mint,English,,,,,,,,93135,,"",$0.00,2024-08-12 06:32:26 UTC
1,0,Alarum,Mirage,MI,206,Good (Lightly Played),English,,,,,,,,10499,,"",$0.00,2024-05-17 19:44:39 UTC
2,0,Alchemist's Gambit,Innistrad: Crimson Vow,VOW,140,Near Mint,English,,,,,,,,61220,,"",$0.00,2022-01-08 15:02:15 UTC
2,0,Alchemist's Gift,Core Set 2021,M21,87,Near Mint,English,,,,,,,,50598,,"",$0.00,2021-05-18 06:10:18 UTC
5,0,Alchemist's Gift,Core Set 2021,M21,87,Near Mint,German,,,,,,,,50598,,"",$0.00,2021-05-18 06:10:18 UTC
1,0,Alchemist's Greeting,Commander 2019,C19,133,Near Mint,English,,,,,,,,45933,,"",$0.00,2021-05-18 06:10:18 UTC
1,0,Alchemist's Refuge,The Lost Caverns of Ixalan Commander,LCC,318,Near Mint,English,,,,,,,,84978,,"",$0.00,2024-04-21 12:05:56 UTC
1,0,Alchemist's Refuge,Avacyn Restored,AVR,225,Near Mint,English,foil,,proof,,,,,19775,,"",$0.00,2021-05-18 06:10:18 UTC
4,0,Alchemist's Retrieval,Innistrad: Crimson Vow,VOW,47,Near Mint,English,,,,,,,,61127,,"",$0.00,2022-01-01 13:50:11 UTC
1,0,Alchemist's Talent,Bloomburrow Commander,BLC,22,Near Mint,English,,,,,,,,93461,,"",$0.00,2024-08-05 18:55:11 UTC
2,0,Alchemist's Vial,Magic Origins,ORI,220,Near Mint,English,,,proof,,,,,28310,,"",$0.00,2021-05-18 06:10:18 UTC
1,0,"Alela, Artful Provocateur",Streets of New Capenna Commander,NCC,325,Near Mint,English,,,,,,,,64509,,"",$0.00,2023-03-25 19:15:51 UTC
1,0,"Alela, Artful Provocateur",The Brothers' War Commander,BRC,119,Near Mint,English,,,,,,,,70565,,"",$0.00,2023-01-01 14:56:52 UTC
1,0,"Alela, Artful Provocateur",Throne of Eldraine,ELD,324,Near Mint,English,foil,,,,,,,46380,,"",$0.00,2021-05-18 06:10:18 UTC
1,0,"Alela, Artful Provocateur",Throne of Eldraine,ELD,324,Good (Lightly Played),English,,,,,,,,46380,,"",$0.00,2021-05-18 06:10:18 UTC
1,0,"Alela, Cunning Conqueror",Wilds of Eldraine Commander,WOC,3,Near Mint,English,foil,,,,,,,82345,,"",$0.00,2023-11-02 16:23:17 UTC
1,0,"Alena, Kessig Trapper",Commander Legends,CMR,160,Near Mint,English,,,,,,,,53838,,"",$0.00,2021-05-18 06:10:18 UTC
1,0,Alert Heedbonder,Ikoria: Lair of Behemoths,IKO,218,Near Mint,English,,,,,,,,49843,,"",$0.00,2021-05-18 06:10:18 UTC
1,0,Alert Heedbonder,Ikoria: Lair of Behemoths,IKO,218,Near Mint,German,,,,,,,,49843,,"",$0.00,2021-05-18 06:10:18 UTC
1,0,"Alesha, Who Smiles at Death",Commander 2016,C16,119,Near Mint,English,,,,,,,,34029,,"",$0.00,2021-05-18 06:10:18 UTC
1,0,"Alesha, Who Smiles at Death",Commander 2020,C20,143,Near Mint,English,,,,,,,,50244,,"",$0.00,2021-05-18 06:10:18 UTC
1,0,"Alesha, Who Smiles at Death",Dominaria United Commander,DMC,118,Near Mint,English,,,,,,,,67993,,"",$0.00,2022-12-22 17:24:27 UTC
1,0,"Alesha, Who Smiles at Death",Fate Reforged,FRF,90,Near Mint,English,,,proof,,,,,27155,,"",$0.00,2021-05-18 06:10:18 UTC
1,0,Alesha's Vanguard,Fate Reforged,FRF,60,Near Mint,English,,,proof,,,,,27172,,"",$0.00,2021-05-18 06:10:18 UTC
1,0,Alexander Clamilton,Unsanctioned,UND,16,Near Mint,English,,,,,,,,49394,,"",$0.00,2021-05-18 06:10:18 UTC
1,0,"Alexios, Deimos of Kosmos",Assassin's Creed,ACR,33,Near Mint,English,,,,,,,,92540,,"",$0.00,2024-07-28 19:11:23 UTC
1,0,"Alexios, Deimos of Kosmos",Assassin's Creed,ACR,134,Near Mint,English,,,,,,,,92643,,"",$0.00,2024-07-27 21:06:38 UTC
1,0,Alhammarret's Archive,Commander 2021,C21,233,Near Mint,English,,,,,,,,56605,,"",$0.00,2021-05-18 06:10:18 UTC
1,0,Alhammarret's Archive,Magic Origins,ORI,221,Near Mint,German,,,,,,,,28269,,"",$0.00,2021-05-18 06:10:18 UTC
2,0,"Alharu, Solemn Ritualist",Commander Legends,CMR,4,Near Mint,English,,,,,,,,53682,,"",$0.00,2021-05-18 06:10:18 UTC
1,0,"Alharu, Solemn Ritualist",March of the Machine Commander,MOC,168,Near Mint,English,,,,,,,,77668,,"",$0.00,2023-05-28 12:31:13 UTC
1,0,"Alibou, Ancient Witness",Commander 2021,C21,7,Near Mint,English,foil,,,,,,,56379,,"",$0.00,2021-05-18 06:58:54 UTC
2,0,Alien // Clue,Extras: Fallout,TPIP,29,Near Mint,English,,,,,,,,89813,6 / 11,"",$0.00,2024-03-25 18:26:21 UTC
6,2,"Alirios, Enraptured",Theros Beyond Death,THB,42,Near Mint,German,,,,,,,,48917,,"",$0.00,2021-05-18 06:10:18 UTC
1,0,"Alistair, the Brigadier",Doctor Who,WHO,112,Near Mint,English,,,,,,,,83159,,"",$0.00,2023-11-14 17:21:24 UTC
1,0,All Is Dust,Modern Horizons 3 Commander,M3C,152,Near Mint,English,,,,,,,,92007,,"",$0.00,2024-06-21 15:14:47 UTC
1,0,"All of History, All at Once",Doctor Who,WHO,34,Near Mint,English,,,,,,,,83081,,"",$0.00,2023-11-14 17:21:24 UTC
1,0,All That Glitters,Fallout,PIP,155,Near Mint,English,,,,,,,,88871,,"",$0.00,2024-03-25 20:41:51 UTC
7,3,All That Glitters,Throne of Eldraine,ELD,2,Near Mint,English,,,,,,,,46058,,"",$0.00,2021-05-18 06:10:18 UTC
2,2,All That Glitters,Throne of Eldraine,ELD,2,Near Mint,German,,,,,,,,46058,,"",$0.00,2021-05-18 06:10:18 UTC
1,0,All Will Be One,Phyrexia: All Will Be One,ONE,118,Near Mint,English,,,,,,,,73908,,"",$0.00,2024-10-29 18:01:01 UTC
1,0,Alley Assailant,Murders at Karlov Manor,MKM,76,Near Mint,English,,,,,,,,87253,,"",$0.00,2024-02-16 20:44:14 UTC
1,0,Alley Assailant,Murders at Karlov Manor,MKM,76,Near Mint,German,,,,,,,,87253,,"",$0.00,2024-02-08 12:16:30 UTC
1,0,Alley Evasion,Aether Revolt,AER,6,Near Mint,English,,,proof,,,,,34610,,"",$0.00,2021-05-18 06:10:18 UTC
4,3,Allied Assault,Zendikar Rising,ZNR,1,Near Mint,English,,,,,,,,52589,,"",$0.00,2021-05-18 06:10:18 UTC
1,0,Allied Strategies,Planeshift,PS,20,Near Mint,German,,,,,,,,9286,,"",$0.00,2021-05-18 06:10:18 UTC
3,0,Alloy Animist,The Brothers' War,BRO,166,Near Mint,English,,,,,,,,70216,,"",$0.00,2023-02-23 20:10:00 UTC
4,0,Allure of the Unknown,Theros Beyond Death,THB,207,Near Mint,German,,,,,,,,48864,,"",$0.00,2021-05-18 06:10:18 UTC
1,1,Allure of the Unknown,Theros Beyond Death,THB,332,Near Mint,English,,,,,,,,49025,Extended Art,"",$0.00,2021-05-18 06:10:18 UTC
1,0,Alluring Suitor // Deadly Dancer,Innistrad: Crimson Vow,VOW,141,Near Mint,English,,,,,,,,61221,,"",$0.00,2021-12-17 08:40:56 UTC
5,1,Almighty Brushwagg,Ikoria: Lair of Behemoths,IKO,143,Near Mint,English,,,,,,,,49768,,"",$0.00,2021-05-18 06:10:18 UTC
3,3,Almighty Brushwagg,Ikoria: Lair of Behemoths,IKO,143,Near Mint,German,,,,,,,,49768,,"",$0.00,2021-05-18 06:10:18 UTC
1,0,Almost Perfect,Fallout,PIP,90,Near Mint,English,,,,,,,,88806,,"",$0.00,2024-03-25 20:41:51 UTC
3,0,Alms of the Vein,Shadows over Innistrad,SOI,98,Near Mint,English,,,,,,,,31124,,"",$0.00,2021-05-18 06:10:18 UTC
1,0,"Alora, Merry Thief",Commander Legends: Battle for Baldur's Gate,CLB,55,Near Mint,English,,,,,,,,65210,,"",$0.00,2022-08-06 10:36:19 UTC
1,0,"Alora, Merry Thief",Commander Legends: Battle for Baldur's Gate,CLB,481,Near Mint,English,foil,,,,,,,65636,,"",$0.00,2022-08-06 10:36:19 UTC
1,0,Alpha Deathclaw,Fallout,PIP,91,Near Mint,English,,,,,,,,88807,,"",$0.00,2024-03-25 20:41:51 UTC
4,0,Alpha Guard,Unfinity,UNF,129,Near Mint,English,,,,,,,,68650,,"",$0.00,2023-11-23 19:09:03 UTC
1,0,Alpine Grizzly,Khans of Tarkir,KTK,127,Near Mint,English,,,proof,,,,,26202,,"",$0.00,2021-05-18 06:10:18 UTC
2,0,Alpine Guide,Modern Horizons,MH1,117,Near Mint,English,,,,,,,,44815,,"",$0.00,2021-05-18 06:10:18 UTC
2,0,Alpine Houndmaster,Core Set 2021,M21,215,Near Mint,English,,,,,,,,50726,,"",$0.00,2021-05-18 06:10:18 UTC
1,0,Alpine Houndmaster,Core Set 2021,M21,215,Near Mint,English,foil,,,,,,,50726,,"",$0.00,2021-05-18 06:10:18 UTC
3,0,Alpine Houndmaster,Core Set 2021,M21,215,Near Mint,German,,,,,,,,50726,,"",$0.00,2021-05-18 06:10:18 UTC
1,0,Alpine Meadow,Kaldheim,KHM,248,Near Mint,English,,,,,,,,54917,,"",$0.00,2021-05-18 06:10:18 UTC
4,0,Alpine Moon,Core Set 2019,M19,128,Near Mint,English,,,,,,,,39735,,"",$0.00,2021-05-18 06:10:18 UTC
3,0,Alpine Watchdog,Core Set 2021,M21,2,Near Mint,English,,,,,,,,50513,,"",$0.00,2021-05-18 06:10:18 UTC
2,1,Alpine Watchdog,Core Set 2021,M21,2,Near Mint,German,,,,,,,,50513,,"",$0.00,2021-05-18 06:10:18 UTC
2,0,"Alrund, God of the Cosmos // Hakka, Whispering Raven",Kaldheim,KHM,40,Near Mint,English,,,,,,,,54709,,"",$0.00,2021-05-18 06:10:18 UTC
2,0,Alseid of Life's Bounty,Theros Beyond Death,THB,1,Near Mint,German,,,,,,,,48859,,"",$0.00,2021-05-18 06:10:18 UTC
1,0,Alseid of Life's Bounty,Theros Beyond Death,THB,353,Near Mint,German,,,,,,,,49046,Promo,"",$0.00,2021-05-18 06:10:18 UTC
1,0,"Altanak, the Thrice-Called",Duskmourn: House of Horror,DSK,166,Near Mint,English,,,,,,,,94413,,"",$0.00,2024-09-27 07:42:12 UTC
1,0,Altar of Dementia,Modern Horizons,MH1,218,Near Mint,English,,,,,,,,44763,,"",$0.00,2021-05-18 06:10:18 UTC
2,0,Altar of the Goyf,Modern Horizons 2,MH2,220,Near Mint,English,,,,,,,,57514,,"",$0.00,2021-06-30 05:20:54 UTC
1,0,Altar of the Goyf,Modern Horizons 3 Commander,M3C,282,Near Mint,English,,,,,,,,92137,,"",$0.00,2024-06-21 15:14:47 UTC
13,9,Altar of the Pantheon,Theros Beyond Death,THB,231,Near Mint,German,,,,,,,,48758,,"",$0.00,2021-05-18 06:10:18 UTC
1,0,Altar's Reap,Duel Decks: Nissa vs. Ob Nixilis,DDR,37,Near Mint,English,,,proof,,,,,33366,,"",$0.00,2021-05-18 06:10:18 UTC
2,0,Altered Ego,Shadows over Innistrad,SOI,241,Near Mint,English,,,,,,,,30986,,"",$0.00,2021-05-18 06:10:18 UTC
3,0,Amaranthine Wall,Dominaria,DOM,210,Near Mint,English,,,,,,,,38436,,"",$0.00,2021-05-18 06:10:18 UTC
1,0,Amaranthine Wall,Dominaria,DOM,210,Near Mint,German,,,,,,,,38436,,"",$0.00,2021-05-18 06:10:18 UTC
1,0,Amaranthine Wall,Dominaria,DOM,210,Near Mint,English,foil,,,,,,,38436,,"",$0.00,2021-05-18 06:10:18 UTC
1,0,"Amareth, the Lustrous",Commander Legends,CMR,266,Near Mint,English,,,,,,,,53944,,"",$0.00,2021-05-18 06:10:18 UTC
1,0,Amass the Components,Iconic Masters,IMA,41,Near Mint,English,,,proof,,,,,37145,,"",$0.00,2021-05-18 06:10:18 UTC
2,0,Ambassador Blorpityblorpboop,Unfinity,UNF,161,Near Mint,English,,,,,,,,68682,,"",$0.00,2023-11-23 19:09:09 UTC
1,0,Ambassador Oak,Masters 25,A25,158,Near Mint,English,,,proof,,,,,38258,,"",$0.00,2021-05-18 06:10:18 UTC
1,0,Ambassador Oak,Foundations Jumpstart,j25,626,Near Mint,English,,,,,,,,98619,,"",$0.00,2024-11-24 09:33:53 UTC
1,0,Amber Gristle O'Maul,Commander Legends: Battle for Baldur's Gate,CLB,395,Near Mint,English,foil,,,,,,,65550,,"",$0.00,2022-08-01 17:26:29 UTC
1,0,Ambition's Cost,Commander 2017,C17,95,Near Mint,English,,,,,,,,36471,,"",$0.00,2021-05-18 06:10:18 UTC
1,0,Ambition's Cost,Commander 2020,C20,129,Near Mint,English,,,,,,,,50230,,"",$0.00,2021-05-18 06:10:18 UTC
1,0,Ambition's Cost,Kaldheim Commander,KHC,47,Near Mint,English,,,,,,,,55132,,"",$0.00,2021-05-25 07:14:07 UTC
1,0,Ambition's Cost,Commander 2021,C21,134,Near Mint,English,,,,,,,,56506,,"",$0.00,2021-05-18 06:10:18 UTC
1,0,Ambition's Cost,Dominaria United Commander,DMC,110,Near Mint,English,,,,,,,,67985,,"",$0.00,2022-12-22 17:24:27 UTC
1,0,Ambition's Cost,March of the Machine Commander,MOC,246,Near Mint,English,,,,,,,,77746,,"",$0.00,2023-05-28 12:31:13 UTC
3,0,Ambitious Assault,Kamigawa: Neon Dynasty,NEO,133,Near Mint,English,,,,,,,,62796,,"",$0.00,2022-03-29 08:06:29 UTC
1,0,Ambitious Farmhand // Seasoned Cathar,Innistrad: Midnight Hunt,MID,2,Near Mint,English,,,,,,,,59901,,"",$0.00,2021-11-02 07:27:38 UTC
2,0,Ambuscade,Hour of Devastation,HOU,110,Near Mint,English,,,,,,,,36089,,"",$0.00,2021-05-18 06:10:18 UTC
1,0,Ambush Gigapede,Outlaws of Thunder Junction,OTJ,77,Near Mint,English,,,,,,,,90068,,"",$0.00,2024-04-25 04:45:42 UTC
2,1,Ambush Viper,Commander Legends,CMR,213,Near Mint,English,,,,,,,,53891,,"",$0.00,2021-05-18 06:10:18 UTC
1,0,Ambush Viper,Commander Legends,CMR,213,Near Mint,English,foil,,,,,,,53891,,"",$0.00,2021-05-18 06:10:18 UTC
1,0,"Aminatou, the Fateshifter",Commander 2018,C18,37,Near Mint,German,foil,,,,,,,40091,,"",$0.00,2021-05-18 06:10:18 UTC
1,0,"Aminatou, Veil Piercer",Duskmourn: House of Horror Commander,DSC,1,Near Mint,English,foil,,,,,,,94683,,"",$0.00,2024-10-13 19:33:06 UTC
1,0,Aminatou's Augury,Commander 2018,C18,6,Near Mint,German,,,,,,,,39945,,"",$0.00,2021-05-18 06:10:18 UTC
1,0,Aminatou's Augury,Commander 2018,C18,6,Near Mint,English,,,proof,,,,,39945,,"",$0.00,2021-05-18 06:10:18 UTC
1,0,Aminatou's Augury,Duskmourn: House of Horror Commander,DSC,71,Near Mint,English,,,,,,,,94753,,"",$0.00,2024-10-13 19:33:06 UTC
1,0,Amonkhet Raceway,Aetherdrift,dft,248,Near Mint,German,,,,,,,,100610,,"",$0.00,2025-02-27 08:29:46 UTC
5,0,Amorphous Axe,Modern Horizons,MH1,219,Near Mint,English,,,,,,,,44673,,"",$0.00,2021-05-18 06:10:18 UTC
2,0,Amorphous Axe,Commander Legends,CMR,295,Near Mint,English,,,,,,,,53973,,"",$0.00,2021-05-18 06:10:18 UTC
1,0,Amped Raptor,Modern Horizons 3,MH3,114,Near Mint,English,,,,,,,,91424,,"",$0.00,2024-06-30 08:47:02 UTC
2,0,Amped Up,Unfinity,UNF,98,Near Mint,English,,,,,,,,68619,,"",$0.00,2023-11-01 15:45:25 UTC
1,0,Amphin Mutineer,The Lost Caverns of Ixalan Commander,LCC,143,Near Mint,English,,,,,,,,84803,,"",$0.00,2024-04-21 12:05:56 UTC
1,0,Amphin Mutineer,Murders at Karlov Manor Commander,MKC,95,Near Mint,English,,,,,,,,87727,,"",$0.00,2024-03-24 11:08:14 UTC
4,0,Amplifire,Ravnica Allegiance,RNA,92,Near Mint,English,,,,,,,,43702,,"",$0.00,2021-05-18 06:10:18 UTC
3,0,Amrou Scout,Time Spiral Remastered,TSR,1,Near Mint,English,,,,,,,,55387,,"",$0.00,2021-05-18 06:10:18 UTC
4,0,Amrou Seekers,Time Spiral Remastered,TSR,2,Near Mint,English,,,,,,,,55388,,"",$0.00,2021-05-18 06:10:18 UTC
1,0,Amulet of Safekeeping,Core Set 2019,M19,226,Near Mint,English,,,,,,,,39741,,"",$0.00,2021-05-18 06:10:18 UTC
1,0,Amulet of Vigor,Worldwake,WWK,121,Near Mint,English,foil,,proof,,,,,16650,,"",$0.00,2021-05-18 06:10:18 UTC
1,0,Amy Pond,Doctor Who,WHO,75,Near Mint,English,,,,,,,,83122,,"",$0.00,2023-11-14 17:21:24 UTC
1,0,"Amzu, Swarm's Hunger",Ravnica: Clue Edition,CLU,24,Near Mint,English,,,,,,,,88014,,"",$0.00,2024-07-08 11:14:31 UTC
1,0,An Incident Has Occurred,Unfinity,UNF,143,Near Mint,English,,,,,,,,68664,,"",$0.00,2023-10-16 13:04:34 UTC
1,0,An Offer You Can't Refuse,Bloomburrow Commander,BLC,170,Near Mint,English,,,,,,,,93609,,"",$0.00,2024-08-05 18:55:11 UTC
1,0,An Offer You Can't Refuse,Streets of New Capenna,SNC,51,Near Mint,English,,,,,,,,63619,,"",$0.00,2022-05-21 19:28:04 UTC
1,0,An Unearthly Child,Doctor Who,WHO,35,Near Mint,English,,,,,,,,83082,,"",$0.00,2023-11-14 17:21:24 UTC
1,0,Ana Sanctuary,Apocalypse,AP,74,Near Mint,English,,,proof,,,,,9441,,"",$0.00,2021-05-18 06:10:18 UTC
1,0,Anaba Shaman,Classic Sixth Edition,6E,165,Good (Lightly Played),German,,,,,,,,14381,,"",$0.00,2021-05-18 06:10:18 UTC
1,0,Anaba Shaman,Classic Sixth Edition,6E,165,Good (Lightly Played),English,,,,,,,,14381,,"",$0.00,2021-05-18 06:10:18 UTC
1,0,"Anafenza, Kin-Tree Spirit",Dominaria United Commander,DMC,97,Near Mint,English,,,,,,,,67972,,"",$0.00,2022-12-22 17:24:27 UTC
1,0,"Anara, Wolvid Familiar",Commander Legends,CMR,214,Near Mint,English,,,,,,,,53892,,"",$0.00,2021-05-18 06:10:18 UTC
3,0,"Anax, Hardened in the Forge",Theros Beyond Death,THB,125,Near Mint,German,,,,,,,,48800,,"",$0.00,2021-05-18 06:10:18 UTC
1,0,"Anax, Hardened in the Forge",Theros Beyond Death,THB,125,Near Mint,English,foil,,,,,,,48800,,"",$0.00,2021-05-18 06:10:18 UTC
1,0,"Anax, Hardened in the Forge",Theros Beyond Death,THB,264,Near Mint,German,,,,,,,,48986,,"",$0.00,2021-05-18 06:10:18 UTC
1,0,"Anax, Hardened in the Forge",Theros Beyond Death,THB,264,Near Mint,German,foil,,,,,,,48986,,"",$0.00,2021-05-18 06:10:18 UTC
1,0,Ancestor Dragon,Foundations,fdn,489,Near Mint,English,,,,,,,,97666,,"",$0.00,2025-01-05 13:14:19 UTC
1,0,Ancestors' Aid,The Lost Caverns of Ixalan,LCI,132,Near Mint,English,,,,,,,,84357,,"",$0.00,2023-12-26 14:20:53 UTC
4,0,Ancestral Anger,Innistrad: Crimson Vow,VOW,142,Near Mint,English,,,,,,,,61222,,"",$0.00,2022-08-20 16:23:26 UTC
1,0,Ancestral Blade,Double Masters,2XM,3,Near Mint,English,foil,,,,,,,51967,,"",$0.00,2021-05-18 06:10:18 UTC
3,0,Ancestral Blade,Double Masters,2XM,3,Near Mint,English,,,,,,,,51967,,"",$0.00,2021-05-18 06:10:18 UTC
2,1,Ancestral Blade,Commander Legends,CMR,5,Near Mint,English,,,,,,,,53683,,"",$0.00,2021-05-18 06:10:18 UTC
2,0,Ancestral Blade,Game Night: Free-for-All,GN3,6,Near Mint,English,,,,,,,,69912,,"",$0.00,2022-11-19 12:10:27 UTC
4,0,Ancestral Blade,Core Set 2020,M20,3,Near Mint,English,,,,,,,,45036,,"",$0.00,2021-05-18 06:10:18 UTC
3,3,Ancestral Blade,Core Set 2020,M20,3,Near Mint,German,,,,,,,,45036,,"",$0.00,2021-05-18 06:10:18 UTC
4,0,Ancestral Katana,Kamigawa: Neon Dynasty,NEO,1,Near Mint,English,,,,,,,,62664,,"",$0.00,2022-03-15 06:19:26 UTC
2,0,Ancestral Mask,Eternal Masters,EMA,157,Near Mint,English,,,proof,,,,,31497,,"",$0.00,2021-05-18 06:10:18 UTC
1,0,Ancestral Mask,Wilds of Eldraine Commander,WOC,119,Near Mint,English,,,,,,,,82461,,"",$0.00,2023-11-02 16:23:17 UTC
1,0,Ancestral Reminiscence,The Lost Caverns of Ixalan,LCI,45,Near Mint,English,,,,,,,,84270,,"",$0.00,2023-12-26 14:20:42 UTC
1,0,Ancestral Reminiscence,The Lost Caverns of Ixalan,LCI,45,Near Mint,German,,,,,,,,84270,,"",$0.00,2024-01-27 17:58:50 UTC
1,0,Ancestral Statue,Jumpstart,JMP,458,Near Mint,English,,,,,,,,51466,,"",$0.00,2021-05-18 06:10:18 UTC
2,0,Anchor to Reality,Kamigawa: Neon Dynasty,NEO,45,Near Mint,English,,,,,,,,62708,,"",$0.00,2022-03-15 06:21:12 UTC
1,0,Ancient Amphitheater,Commander Anthology Volume II,CM2,232,Near Mint,English,,,,,,,,39304,,"",$0.00,2021-05-18 06:10:18 UTC
2,0,Ancient Animus,Commander Legends,CMR,215,Near Mint,English,,,,,,,,53893,,"",$0.00,2021-05-18 06:10:18 UTC
10,6,Ancient Animus,Dominaria,DOM,154,Near Mint,English,,,,,,,,38451,,"",$0.00,2021-05-18 06:10:18 UTC
3,3,Ancient Animus,Dominaria,DOM,154,Near Mint,German,,,,,,,,38451,,"",$0.00,2021-05-18 06:10:18 UTC
4,0,Ancient Brontodon,Ixalan,XLN,175,Near Mint,English,,,,,,,,36723,,"",$0.00,2021-05-18 06:10:18 UTC
1,0,Ancient Cellarspawn,Duskmourn: House of Horror Commander,DSC,16,Near Mint,English,,,,,,,,94698,,"",$0.00,2024-10-13 19:33:06 UTC
1,0,Ancient Craving,Commander 2021,C21,135,Near Mint,English,,,,,,,,56507,,"",$0.00,2021-05-18 06:10:18 UTC
1,0,Ancient Craving,Innistrad: Crimson Vow Commander,VOC,117,Near Mint,English,,,,,,,,61777,,"",$0.00,2021-12-03 19:22:24 UTC
1,0,Ancient Den,Commander 2021,C21,276,Near Mint,English,,,,,,,,56648,,"",$0.00,2021-05-18 06:10:18 UTC
1,0,Ancient Den,The Brothers' War Commander,BRC,172,Near Mint,English,,,,,,,,70618,,"",$0.00,2023-01-01 14:56:52 UTC
3,0,Ancient Den,Mirrodin,MRD,278,Good (Lightly Played),English,,,,,,,,12422,,"",$0.00,2021-05-18 06:10:18 UTC
1,0,Ancient Den,Mirrodin,MRD,278,Played,English,,,,,,,,12422,,"",$0.00,2021-05-18 06:10:18 UTC
1,0,Ancient Excavation,Commander Anthology Volume II,CM2,150,Near Mint,English,,,,,,,,39312,,"",$0.00,2021-05-18 06:10:18 UTC
1,0,Ancient Greenwarden,Outlaws of Thunder Junction Commander,OTC,186,Near Mint,English,,,,,,,,90757,,"",$0.00,2024-05-11 10:48:45 UTC
1,0,Ancient Greenwarden,Zendikar Rising,ZNR,178,Near Mint,English,foil,,,,,,,52766,,"",$0.00,2021-05-18 06:10:18 UTC
1,0,Ancient Grudge,Modern Masters 2017 Edition,MM3,88,Near Mint,English,,,proof,,,,,34993,,"",$0.00,2021-05-18 06:10:18 UTC
3,0,Ancient Grudge,Time Spiral Remastered,TSR,151,Near Mint,English,,,,,,,,55537,,"",$0.00,2021-05-18 06:10:18 UTC
2,0,Ancient Grudge,Innistrad,ISD,127,Good (Lightly Played),English,,,,,,,,19054,,"",$0.00,2021-05-18 06:10:18 UTC
2,0,Ancient Grudge,Innistrad,ISD,127,Near Mint,German,,,,,,,,19054,,"",$0.00,2021-05-18 06:10:18 UTC
1,0,Ancient Hellkite,Game Night: Free-for-All,GN3,68,Near Mint,English,,,,,,,,69973,,"",$0.00,2022-11-19 12:10:27 UTC
1,0,Ancient Kavu,Invasion,IN,136,Good (Lightly Played),German,,,,,,,,8511,,"",$0.00,2021-05-18 06:10:18 UTC
2,0,Ancient Lumberknot,Innistrad: Crimson Vow,VOW,230,Near Mint,English,,,,,,,,61310,,"",$0.00,2022-01-03 20:54:53 UTC
1,0,Ancient Silverback,Urza's Destiny,CG,101,Played,English,,,,,,,,14352,,"",$0.00,2021-05-18 06:10:18 UTC
1,0,Ancient Silverback,Urza's Destiny,CG,101,Played,German,,,,,,,,14352,,"",$0.00,2021-05-18 06:10:18 UTC
1,0,Ancient Stirrings,Double Masters,2XM,151,Near Mint,English,foil,,,,,,,52115,,"",$0.00,2021-05-18 06:10:18 UTC
2,0,Ancient Stirrings,Double Masters,2XM,151,Near Mint,English,,,,,,,,52115,,"",$0.00,2021-05-18 06:10:18 UTC
1,0,Ancient Stirrings,Modern Horizons 3 Commander,M3C,219,Near Mint,English,,,,,,,,92074,,"",$0.00,2024-06-21 15:14:47 UTC
1,0,Ancient Stirrings,Rise of the Eldrazi,ROE,174,Near Mint,English,,,,,,,,16963,,"",$0.00,2021-05-18 06:10:18 UTC
1,0,Ancient Stone Idol,Commander 2018,C18,53,Near Mint,German,,,,,,,,40223,,"",$0.00,2021-05-18 06:10:18 UTC
1,0,Ancient Stone Idol,March of the Machine Commander,MOC,347,Near Mint,English,,,,,,,,77847,,"",$0.00,2023-05-28 12:31:13 UTC
1,0,Ancient Stone Idol,Murders at Karlov Manor Commander,MKC,222,Near Mint,English,,,,,,,,87854,,"",$0.00,2024-03-24 11:08:14 UTC
1,0,Ancient Vendetta,Aetherdrift,dft,75,Near Mint,German,,,,,,,,100437,,"",$0.00,2025-02-27 08:29:46 UTC
1,0,Ancient Ziggurat,Conflux,CON,141,Near Mint,English,,,proof,,,,,6651,,"",$0.00,2021-05-18 06:10:18 UTC
1,0,And They Shall Know No Fear,"Warhammer 40,000",40K,9,Near Mint,English,,,,,,,,69230,,"",$0.00,2022-10-26 05:57:41 UTC
1,0,"Andúril, Narsil Reforged",The Lord of the Rings: Tales of Middle-earth Commander,LTC,491,Near Mint,English,foil,,,,,,,85172,,"",$0.00,2024-11-25 20:51:10 UTC
1,0,"Andúril, Narsil Reforged",The Lord of the Rings: Tales of Middle-earth Commander,LTC,491,Near Mint,English,,,,,,,,85172,,"",$0.00,2024-11-25 20:51:10 UTC
2,0,Angel,Extras: Magic 2014 Core Set,EX_45,2,Good (Lightly Played),English,,,,,,,,25936,,"",$0.00,2024-05-03 19:17:29 UTC
1,0,Angel,Extras: Magic Origins,EX_57,1,Good (Lightly Played),German,,,,,,,,28472,,"",$0.00,2024-06-14 18:36:25 UTC
1,0,Angel,Extras: Oath of the Gatewatch,EX_60,7,Good (Lightly Played),English,,,,,,,,30799,,"",$0.00,2024-05-17 19:51:24 UTC
1,0,Angel,Extras: Shadows over Innistrad,EX_61,1,Near Mint,English,,,,,,,,31296,,"",$0.00,2021-05-18 06:10:18 UTC
1,0,Angel,Extras: Iconic Masters,EX_78,1,Good (Lightly Played),English,,,,,,,,37495,,"",$0.00,2024-06-28 18:33:15 UTC
4,0,Angel,Extras: Core Set 2019,EX_87,1,Near Mint,English,,,,,,,,39870,,"",$0.00,2021-05-18 06:10:18 UTC
3,0,Angel,Extras: Guilds of Ravnica,EX_89,1,Near Mint,English,,,,,,,,42576,,"",$0.00,2021-05-18 06:10:18 UTC
3,0,Angel,Extras: Guilds of Ravnica,EX_89,1,Near Mint,German,,,,,,,,42576,,"",$0.00,2021-05-18 06:10:18 UTC
2,0,Angel,Extras: War of the Spark,EX_98,2,Near Mint,English,,,,,,,,44448,,"",$0.00,2021-05-18 06:10:18 UTC
1,0,Angel,Extras: War of the Spark,EX_98,2,Near Mint,German,,,,,,,,44448,,"",$0.00,2021-05-18 06:10:18 UTC
2,0,Angel,Extras: War of the Spark,EX_98,2,Good (Lightly Played),English,,,,,,,,44448,,"",$0.00,2024-06-14 18:36:25 UTC
1,0,Angel,Extras: Modern Horizons Foil,EX_101,2,Near Mint,English,,,,,,,,44866,,"",$0.00,2023-12-30 19:24:20 UTC
2,0,Angel,Extras: Core Set 2021,EX_114,1,Near Mint,English,,,,,,,,50980,,"",$0.00,2021-05-18 06:10:18 UTC
4,0,Angel,Extras: Core Set 2021,EX_114,1,Near Mint,German,,,,,,,,50980,,"",$0.00,2021-05-18 06:10:18 UTC
2,0,Angel,Extras: Adventures in the Forgotten Realms,EX_130,1,Near Mint,English,,,,,,,,58684,,"",$0.00,2021-08-23 05:54:40 UTC
1,0,Angel,Extras: Streets of New Capenna,TSNC,2,Near Mint,English,,,,,,,,64765,,"",$0.00,2022-05-11 07:22:43 UTC
2,0,Angel,Extras: The Lost Caverns of Ixalan,TLCI,2,Near Mint,English,,,,,,,,84642,,"",$0.00,2023-12-30 19:24:20 UTC
1,0,Angel // Clue,Extras: Innistrad: Crimson Vow Commander,EX_138,2,Near Mint,English,,,,,,,,62661,#002/006 T (VOC) / #005/006 T (VOC),"",$0.00,2022-11-19 12:55:12 UTC
3,0,Angel // Demon,Extras: March of the Machine Commander,TMOC,7,Near Mint,English,,,,,,,,78295,MOC 3 / MOC 18,"",$0.00,2023-05-23 20:13:44 UTC
1,0,Angel // Elemental,Extras: Outlaws of Thunder Junction Commander,TOTC,12,Near Mint,English,,,,,,,,90937,3 / 21,"",$0.00,2024-05-11 10:37:25 UTC
2,0,Angel // Elephant,Extras: Kamigawa: Neon Dynasty Commander,EX_140,1,Near Mint,English,,,,,,,,63375,#002/012 T (NEC) / #008/012 T (NEC),"",$0.00,2022-03-13 15:05:16 UTC
3,0,Angel // Saproling,Extras: Planechase Anthology,EX_69,4,Good (Lightly Played),English,,,,,,,,35099,Front / Back numbers: 5 / 19,"",$0.00,2023-07-07 05:27:48 UTC
4,0,Angel // Saproling,Extras: Adventures in the Forgotten Realms Commander,EX_132,6,Near Mint,English,,,,,,,,59789,#001/013 T (AFC) / #008/013 T (AFC),"",$0.00,2021-08-29 13:01:04 UTC
1,0,Angel // Soldier,Extras: Phyrexia: All Will Be One Commander,TONC,14,Near Mint,English,,,,,,,,74469,2 ONC / 7 ONC,"",$0.00,2023-05-18 06:47:15 UTC
1,0,Angel // Soldier,Extras: Phyrexia: All Will Be One Commander,TONC,15,Near Mint,English,,,,,,,,74470,3 ONC / 8 ONC,"",$0.00,2023-05-18 06:47:15 UTC
2,0,Angel // Zombie,Extras: Game Night: Free-for-All,TGN3,1,Near Mint,English,,,,,,,,70042,1 / 7,"",$0.00,2022-11-19 12:13:09 UTC
1,0,Angel of Despair,Ravnica Allegiance Guild Kit,GK2,37,Near Mint,English,,,,,,,,43925,,"",$0.00,2021-05-18 06:10:18 UTC
1,0,Angel of Finality,Commander 2020,C20,75,Near Mint,English,,,,,,,,50176,,"",$0.00,2021-05-18 06:10:18 UTC
1,0,Angel of Finality,Kaldheim Commander,KHC,17,Near Mint,English,,,,,,,,55108,,"",$0.00,2021-05-25 07:14:07 UTC
1,0,Angel of Finality,Adventures in the Forgotten Realms Commander,AFC,63,Near Mint,English,,,,,,,,58849,,"",$0.00,2021-08-29 14:03:33 UTC
1,0,Angel of Finality,March of the Machine Commander,MOC,169,Near Mint,English,,,,,,,,77669,,"",$0.00,2023-05-28 12:31:13 UTC
1,0,Angel of Flight Alabaster,Innistrad: Crimson Vow Commander,VOC,77,Near Mint,English,,,,,,,,61737,,"",$0.00,2021-12-03 19:22:24 UTC
1,0,Angel of Glory's Rise,Innistrad: Midnight Hunt Commander,MIC,79,Near Mint,English,,,,,,,,60569,,"",$0.00,2021-11-04 07:05:05 UTC
1,0,Angel of Grace,Ravnica Allegiance,RNA,1,Near Mint,English,,,,,,,,43625,,"",$0.00,2021-05-18 06:10:18 UTC
1,0,Angel of Indemnity,Outlaws of Thunder Junction Commander,OTC,9,Near Mint,English,,,,,,,,90580,,"",$0.00,2024-05-11 10:48:45 UTC
1,0,Angel of Invention,Modern Horizons 3 Commander,M3C,166,Near Mint,English,,,,,,,,92021,,"",$0.00,2024-06-21 15:14:47 UTC
1,0,Angel of Invention,Kaladesh,KLD,4,Near Mint,English,foil,,,,,,,33564,,"",$0.00,2021-05-18 06:10:18 UTC
1,0,Angel of Mercy,Portal Second Age,P2,128,Played,German,,,,,,,,7132,,"",$0.00,2021-05-18 06:10:18 UTC
1,0,Angel of Mercy,Duel Decks: Divine vs. Demonic,DDC,9,Good (Lightly Played),English,,,,,,,,7126,,"",$0.00,2024-06-14 18:27:35 UTC
1,0,Angel of Mercy,Iconic Masters,IMA,6,Near Mint,English,,,proof,,,,,37110,,"",$0.00,2021-05-18 06:10:18 UTC
2,0,Angel of Mercy,Jumpstart,JMP,84,Near Mint,English,,,,,,,,51092,,"",$0.00,2021-05-18 06:10:18 UTC
1,0,Angel of Renewal,Battle for Zendikar,BFZ,18,Near Mint,English,,,proof,,,,,29737,,"",$0.00,2021-05-18 06:10:18 UTC
2,0,Angel of Retribution,Battlebond,BBD,86,Near Mint,English,,,,,,,,38974,,"",$0.00,2022-03-31 13:29:32 UTC
1,0,Angel of Salvation,March of the Machine Commander,MOC,170,Near Mint,English,,,,,,,,77670,,"",$0.00,2023-05-28 12:31:13 UTC
1,0,Angel of Sanctions,Commander 2019,C19,61,Near Mint,English,,,,,,,,45880,,"",$0.00,2021-05-18 06:10:18 UTC
1,0,Angel of Sanctions,Aetherdrift Commander,drc,62,Near Mint,English,,,,,,,,100991,,"",$0.00,2025-02-26 08:31:18 UTC
1,0,Angel of Serenity,Commander Anthology Volume II,CM2,16,Near Mint,English,,,,,,,,39300,,"",$0.00,2021-05-18 06:10:18 UTC
1,0,Angel of Serenity,Kaldheim Commander,KHC,18,Near Mint,English,,,,,,,,55192,,"",$0.00,2021-05-25 07:14:07 UTC
1,0,Angel of Serenity,Commander 2021,C21,83,Near Mint,English,,,,,,,,56455,,"",$0.00,2021-05-18 06:10:18 UTC
3,0,Angel of the Dawn,Double Masters,2XM,4,Near Mint,English,,,,,,,,51968,,"",$0.00,2021-05-18 06:10:18 UTC
3,0,Angel of the Dawn,Commander Legends,CMR,6,Near Mint,English,,,,,,,,53684,,"",$0.00,2021-05-18 06:10:18 UTC
11,7,Angel of the Dawn,Core Set 2019,M19,7,Near Mint,English,,,,,,,,39643,,"",$0.00,2021-05-18 06:10:18 UTC
3,3,Angel of the Dawn,Core Set 2019,M19,7,Near Mint,German,,,,,,,,39643,,"",$0.00,2021-05-18 06:10:18 UTC
1,0,Angel of the Ruins,Commander 2021,C21,11,Near Mint,English,,,,,,,,56383,,"",$0.00,2021-05-18 06:10:18 UTC
1,0,Angel of the Ruins,The Brothers' War Commander,BRC,68,Near Mint,English,,,,,,,,70514,,"",$0.00,2023-01-01 14:56:52 UTC
1,0,Angel of the Ruins,March of the Machine Commander,MOC,171,Near Mint,English,,,,,,,,77671,,"",$0.00,2023-05-28 12:31:13 UTC
1,0,Angel of the Ruins,Murders at Karlov Manor Commander,MKC,55,Near Mint,English,,,,,,,,87687,,"",$0.00,2024-03-24 11:08:14 UTC
1,0,Angel of the Ruins,Outlaws of Thunder Junction Commander,OTC,78,Near Mint,English,,,,,,,,90649,,"",$0.00,2024-05-11 10:48:45 UTC
1,0,Angel of the Ruins,Bloomburrow Commander,BLC,134,Near Mint,English,,,,,,,,93573,,"",$0.00,2024-08-05 18:55:11 UTC
2,0,Angel of Vitality,Core Set 2020,M20,4,Near Mint,English,,,,,,,,45149,,"",$0.00,2021-05-18 06:10:18 UTC
3,1,Angel of Vitality,Core Set 2020,M20,4,Near Mint,German,,,,,,,,45149,,"",$0.00,2021-05-18 06:10:18 UTC
1,0,Angel Warrior,Extras: Zendikar Rising,EX_116,1,Near Mint,English,,,,,,,,53069,,"",$0.00,2021-05-18 06:10:18 UTC
1,0,Angel Warrior // Kor Warrior,Extras: Commander Legends: Battle for Baldur's Gate,EX_145,79,Near Mint,English,,,,,,,,66170,#25 / #27,"",$0.00,2022-11-19 12:36:14 UTC
1,0,Angelfire Ignition,Innistrad: Midnight Hunt,MID,209,Near Mint,English,,,,,,,,60108,,"",$0.00,2021-10-05 06:35:27 UTC
5,4,Angelheart Protector,Zendikar Rising,ZNR,3,Near Mint,English,,,,,,,,52591,,"",$0.00,2021-05-18 06:10:18 UTC
2,0,Angelheart Protector,Zendikar Rising,ZNR,3,Near Mint,German,,,,,,,,52591,,"",$0.00,2021-05-18 06:10:18 UTC
1,0,Angelic Aberration,Modern Horizons 3 Commander,M3C,39,Near Mint,English,,,,,,,,91914,,"",$0.00,2024-06-21 15:14:47 UTC
1,0,Angelic Arbiter,Jumpstart,JMP,86,Near Mint,English,,,,,,,,51094,,"",$0.00,2021-05-18 06:10:18 UTC
1,0,Angelic Armaments,Commander Legends,CMR,296,Near Mint,English,,,,,,,,53974,,"",$0.00,2021-05-18 06:10:18 UTC
3,2,Angelic Ascension,Core Set 2021,M21,3,Near Mint,English,,,,,,,,50514,,"",$0.00,2021-05-18 06:10:18 UTC
1,0,Angelic Chorus,Battlebond,BBD,87,Near Mint,English,,,,,,,,39024,,"",$0.00,2022-03-01 06:37:32 UTC
2,0,Angelic Curator,Modern Horizons 2,MH2,262,Near Mint,English,,,,,,,,57556,,"",$0.00,2021-06-28 05:27:51 UTC
1,0,Angelic Destiny,Wilds of Eldraine Commander,WOC,60,Near Mint,English,,,,,,,,82402,,"",$0.00,2023-11-02 16:23:17 UTC
1,0,Angelic Edict,Jumpstart,JMP,87,Near Mint,English,,,,,,,,51095,,"",$0.00,2021-05-18 06:10:18 UTC
1,0,Angelic Edict,Foundations,fdn,490,Near Mint,English,,,,,,,,97667,,"",$0.00,2025-01-05 13:14:24 UTC
5,1,Angelic Exaltation,Ravnica Allegiance,RNA,2,Near Mint,English,,,,,,,,43548,,"",$0.00,2021-05-18 06:10:18 UTC
3,3,Angelic Exaltation,Ravnica Allegiance,RNA,2,Near Mint,German,,,,,,,,43548,,"",$0.00,2021-05-18 06:10:18 UTC
4,0,Angelic Gift,Battlebond,BBD,88,Near Mint,English,,,,,,,,38876,,"",$0.00,2022-03-22 09:19:01 UTC
2,0,Angelic Gift,Commander Legends,CMR,7,Near Mint,English,,,,,,,,53685,,"",$0.00,2021-05-18 06:10:18 UTC
1,0,Angelic Gift,Adventures in the Forgotten Realms Commander,AFC,64,Near Mint,English,,,,,,,,58850,,"",$0.00,2021-08-29 14:03:33 UTC
6,2,Angelic Gift,Core Set 2020,M20,5,Near Mint,English,,,,,,,,45126,,"",$0.00,2021-05-18 06:10:18 UTC
4,4,Angelic Gift,Core Set 2020,M20,5,Near Mint,German,,,,,,,,45126,,"",$0.00,2021-05-18 06:10:18 UTC
1,0,Angelic Harold,Unfinity,UNF,162,Near Mint,English,,,,,,,,68683,,"",$0.00,2023-11-18 20:16:08 UTC
1,0,Angelic Harold,Unfinity,UNF,255,Near Mint,English,,,,,,,,68876,,"",$0.00,2023-11-18 20:16:08 UTC
1,0,Angelic Observer,Streets of New Capenna,SNC,1,Near Mint,English,,,,,,,,63569,,"",$0.00,2022-05-06 08:10:58 UTC
1,0,Angelic Page,Jumpstart,JMP,88,Near Mint,English,,,,,,,,51096,,"",$0.00,2021-05-18 06:10:18 UTC
4,0,Angelic Purge,Shadows over Innistrad,SOI,3,Near Mint,English,,,,,,,,31192,,"",$0.00,2021-05-18 06:10:18 UTC
4,0,Angelic Quartermaster,Innistrad: Crimson Vow,VOW,2,Near Mint,English,,,,,,,,61082,,"",$0.00,2022-01-11 10:19:45 UTC
1,0,Angelic Quartermaster,Innistrad: Crimson Vow,VOW,2,Near Mint,English,foil,,,,,,,61082,,"",$0.00,2021-11-28 15:27:37 UTC
2,0,Angelic Renewal,Ultimate Masters,UMA,10,Near Mint,English,,,,,,,,42808,,"",$0.00,2021-05-18 06:10:18 UTC
1,0,Angelic Sell-Sword,Outlaws of Thunder Junction Commander,OTC,10,Near Mint,English,,,,,,,,90581,,"",$0.00,2024-05-11 10:48:45 UTC
1,0,Angelic Sleuth,Streets of New Capenna Commander,NCC,12,Near Mint,English,,,,,,,,64196,,"",$0.00,2023-03-25 18:52:32 UTC
1,0,Angels,Jumpstart Front Cards,FJMP,2,Near Mint,English,,,,,,,,52538,,"",$0.00,2021-05-18 06:10:18 UTC
1,0,Anger,Ultimate Masters,UMA,122,Near Mint,English,,,proof,,,,,42920,,"",$0.00,2021-05-18 06:10:18 UTC
1,0,Anger,Ultimate Masters,UMA,122,Near Mint,English,,,,,,,,42920,,"",$0.00,2021-05-18 06:10:18 UTC
1,0,Anger,Adventures in the Forgotten Realms Commander,AFC,113,Near Mint,English,,,,,,,,58899,,"",$0.00,2021-08-29 14:03:33 UTC
1,0,Anger,The Lord of the Rings: Tales of Middle-earth Commander,LTC,210,Near Mint,English,,,,,,,,79729,,"",$0.00,2023-07-20 08:41:51 UTC
1,0,Anger,Modern Horizons 3 Commander,M3C,208,Near Mint,English,,,,,,,,92063,,"",$0.00,2024-06-21 15:14:47 UTC
1,0,Angler Drake,Game Night: Free-for-All,GN3,22,Near Mint,English,,,,,,,,69928,,"",$0.00,2022-11-19 12:10:27 UTC
1,0,Angler Turtle,Commander Legends: Battle for Baldur's Gate,CLB,713,Near Mint,English,,,,,,,,65829,,"",$0.00,2022-08-02 16:53:55 UTC
1,0,Angler Turtle,Game Night: Free-for-All,GN3,23,Near Mint,English,,,,,,,,69929,,"",$0.00,2022-11-19 12:10:27 UTC
1,1,"Angrath, Captain of Chaos",War of the Spark Japanese Alternate Art,WAR_JAA,227,Near Mint,Japanese,,,,,,,,44561,,"",$0.00,2021-05-18 06:10:18 UTC
4,0,"Angrath, Captain of Chaos",War of the Spark,WAR,227,Near Mint,English,,,,,,,,44251,,"",$0.00,2021-05-18 06:10:18 UTC
1,1,"Angrath, Captain of Chaos",War of the Spark,WAR,227,Near Mint,German,,,,,,,,44251,,"",$0.00,2021-05-18 06:10:18 UTC
1,0,"Angrath, Minotaur Pirate",Rivals of Ixalan,RIX,201,Near Mint,English,foil,,,,,,,37911,,"",$0.00,2021-05-18 06:10:18 UTC
4,0,"Angrath, the Flame-Chained",Rivals of Ixalan,RIX,152,Near Mint,English,,,,,,,,37909,,"",$0.00,2021-05-18 06:10:18 UTC
3,0,Angrath's Ambusher,Rivals of Ixalan,RIX,202,Near Mint,English,,,,,,,,37766,,"",$0.00,2021-05-18 06:10:18 UTC
2,0,Angrath's Fury,Rivals of Ixalan,RIX,204,Near Mint,English,,,,,,,,37873,,"",$0.00,2021-05-18 06:10:18 UTC
1,0,Angrath's Marauders,The Lost Caverns of Ixalan Commander,LCC,215,Near Mint,English,,,,,,,,84875,,"",$0.00,2024-04-21 12:05:56 UTC
1,0,Angrath's Marauders,Outlaws of Thunder Junction Commander,OTC,153,Near Mint,English,,,,,,,,90724,,"",$0.00,2024-05-11 10:48:45 UTC
4,0,Angrath's Marauders,Ixalan,XLN,132,Near Mint,English,,,,,,,,36926,,"",$0.00,2021-05-18 06:10:18 UTC
1,0,Angrath's Rampage,War of the Spark,WAR,185,Near Mint,English,,,,,,,,44136,,"",$0.00,2021-05-18 06:10:18 UTC
1,0,Angrath's Rampage,War of the Spark,WAR,185,Near Mint,German,,,,,,,,44136,,"",$0.00,2021-05-18 06:10:18 UTC
1,0,Angrath's Rampage,War of the Spark,WAR,185,Near Mint,Japanese,,,,,,,,44136,,"",$0.00,2021-05-18 06:10:18 UTC
1,0,Anguished Unmaking,The Lord of the Rings: Tales of Middle-earth Commander,LTC,265,Near Mint,English,,,,,,,,79784,,"",$0.00,2023-07-20 08:41:51 UTC
1,0,Anguished Unmaking,Fallout,PIP,209,Near Mint,English,,,,,,,,88925,,"",$0.00,2024-03-25 20:41:51 UTC
1,0,Anguished Unmaking,Shadows over Innistrad,SOI,242,Near Mint,English,,,,,,,,31178,,"",$0.00,2021-05-18 06:10:18 UTC
1,0,Anguished Unmaking,Shadows over Innistrad,SOI,242,Near Mint,German,,,,,,promo,,31178,,"",$0.00,2025-02-27 13:15:37 UTC
1,0,"Anhelo, the Painter",Streets of New Capenna Commander,NCC,1,Near Mint,English,foil,,,,,,,64185,,"",$0.00,2023-03-25 18:52:32 UTC
1,0,"Anhelo, the Painter",Streets of New Capenna Commander,NCC,186,Near Mint,English,foil,,,,,,,64370,Thick Stock / Display Commander,"",$0.00,2023-03-25 19:15:51 UTC
1,0,"Anim Pakal, Thousandth Moon",The Lost Caverns of Ixalan,LCI,223,Near Mint,English,,,,,,,,84448,,"",$0.00,2024-02-06 16:39:31 UTC
1,0,Animal Friend,Fallout,PIP,72,Near Mint,English,,,,,,,,88788,,"",$0.00,2024-03-25 20:41:51 UTC
1,0,Animal Sanctuary,Core Set 2021,M21,242,Near Mint,German,,,,,,promo,,50753,,"",$0.00,2021-05-18 06:10:18 UTC
1,0,Animal Sanctuary,Core Set 2021,M21,242,Near Mint,German,,,,,,,,50753,,"",$0.00,2021-05-18 06:10:18 UTC
1,0,Animate Dead,Murders at Karlov Manor Commander,MKC,125,Near Mint,English,,,,,,,,87757,,"",$0.00,2024-03-24 11:08:14 UTC
1,0,Animate Graveyard,Unfinity,UNF,65,Near Mint,English,,,,,,,,68586,,"",$0.00,2023-11-18 20:07:14 UTC
2,0,Animate Object,Unfinity,UNF,33,Near Mint,English,,,,,,,,68554,,"",$0.00,2023-11-24 17:18:28 UTC
1,0,Animate Object,Unfinity,UNF,33,Near Mint,English,foil,,,,,,,68554,,"",$0.00,2023-11-24 17:18:28 UTC
1,0,Animate Wall,Classic Sixth Edition,6E,1,Good (Lightly Played),German,,,,,,,,4856,,"",$0.00,2021-05-18 06:10:18 UTC
2,0,Animating Faerie // Bring to Life,Throne of Eldraine,ELD,38,Near Mint,English,,,,,,,,46094,,"",$0.00,2021-05-18 06:10:18 UTC
1,0,Animating Faerie // Bring to Life,Throne of Eldraine,ELD,38,Near Mint,English,foil,,,,,,,46094,,"",$0.00,2021-05-18 06:10:18 UTC
2,0,Animating Faerie // Bring to Life,Throne of Eldraine,ELD,38,Near Mint,German,,,,,,,,46094,,"",$0.00,2021-05-18 06:10:18 UTC
2,1,Animating Faerie // Bring to Life,Throne of Eldraine,ELD,280,Near Mint,English,,,,,,,,46336,Showcase,"",$0.00,2021-05-18 06:10:18 UTC
2,0,Animation Module,Kaladesh,KLD,194,Near Mint,English,,,,,,,,33696,,"",$0.00,2021-05-18 06:10:18 UTC
2,0,Animation Module,Kaladesh,KLD,194,Good (Lightly Played),English,,,,,,,,33696,,"",$0.00,2021-05-18 06:10:18 UTC
1,0,Animist's Awakening,Commander 2020,C20,166,Near Mint,English,,,,,,,,50267,,"",$0.00,2021-05-18 06:10:18 UTC
1,0,Animist's Might,March of the Machine: The Aftermath,MAT,20,Near Mint,English,,,,,,,,78643,,"",$0.00,2024-02-01 11:06:38 UTC
1,0,Anje Falkenrath,Commander 2019,C19,37,Near Mint,English,foil,,,,,,,45974,,"",$0.00,2021-05-18 06:10:18 UTC
3,0,"Anje, Maid of Dishonor",Innistrad: Crimson Vow,VOW,231,Near Mint,English,,,,,,,,61311,,"",$0.00,2022-04-09 15:53:12 UTC
1,0,Anje's Ravager,Commander 2019,C19,22,Near Mint,English,,,,,,,,45903,,"",$0.00,2022-02-22 17:15:03 UTC
3,0,Anje's Ravager,Innistrad: Crimson Vow Commander,VOC,141,Near Mint,English,,,,,,,,61801,,"",$0.00,2022-02-22 17:15:03 UTC
1,0,Ankle Biter,Outlaws of Thunder Junction,OTJ,153,Near Mint,English,,,,,,,,90144,,"",$0.00,2024-04-24 05:15:03 UTC
1,0,Ankle Biter,Outlaws of Thunder Junction,OTJ,153,Near Mint,German,,,,,,,,90144,,"",$0.00,2024-04-19 19:10:30 UTC
1,0,"Annie Flash, the Veteran",Outlaws of Thunder Junction,OTJ,190,Near Mint,German,,,,,,promo,,90181,,"",$0.00,2025-02-27 13:15:15 UTC
4,0,Annihilating Glare,Phyrexia: All Will Be One,ONE,80,Near Mint,English,,,,,,,,73870,,"",$0.00,2023-07-11 14:23:32 UTC
2,0,Annoyed Altisaur,Commander Legends,CMR,216,Near Mint,English,,,,,,,,53894,,"",$0.00,2024-07-04 04:57:59 UTC
1,0,Annoyed Altisaur,Modern Horizons 3,MH3,284,Near Mint,English,,,,,,,,91594,,"",$0.00,2024-07-04 04:57:59 UTC
3,2,Annul,Urza's Saga,UZ,59,Good (Lightly Played),English,,,,,,,,12366,,"",$0.00,2021-05-18 06:10:18 UTC
1,1,Annul,Urza's Saga,UZ,59,Played,English,,,,,,,,12366,,"",$0.00,2021-05-18 06:10:18 UTC
5,0,Annul,Kaldheim,KHM,42,Near Mint,English,,,,,,,,54711,,"",$0.00,2021-05-18 06:10:18 UTC
4,0,Anoint with Affliction,Phyrexia: All Will Be One,ONE,81,Near Mint,English,,,,,,,,73871,,"",$0.00,2023-07-11 14:23:49 UTC
9,5,Anointed Chorister,Core Set 2021,M21,4,Near Mint,English,,,,,,,,50515,,"",$0.00,2021-05-18 06:10:18 UTC
4,4,Anointed Chorister,Core Set 2021,M21,4,Near Mint,German,,,,,,,,50515,,"",$0.00,2021-05-18 06:10:18 UTC
5,1,Anointed Deacon,Ixalan,XLN,89,Near Mint,English,,,,,,,,36804,,"",$0.00,2021-05-18 06:10:18 UTC
2,0,Anointer of Valor,Commander Legends,CMR,8,Near Mint,English,,,,,,,,53686,,"",$0.00,2021-05-18 06:10:18 UTC
1,0,Anointer of Valor,Commander Legends,CMR,8,Near Mint,English,foil,,,,,,,53686,,"",$0.00,2021-05-18 06:10:18 UTC
1,0,"Anowon, the Ruin Sage",Commander 2017,C17,96,Near Mint,English,,,,,,,,36524,,"",$0.00,2021-05-18 06:10:18 UTC
1,0,"Anowon, the Ruin Sage",Innistrad: Crimson Vow Commander,VOC,118,Near Mint,English,,,,,,,,61778,,"",$0.00,2021-12-03 19:22:24 UTC
1,0,"Anowon, the Ruin Thief",Zendikar Rising Commander,ZNC,1,Near Mint,English,foil,,,,,,,53114,,"",$0.00,2021-05-18 06:10:18 UTC
1,0,Anrakyr the Traveller,"Warhammer 40,000",40K,28,Near Mint,English,,,,,,,,69249,,"",$0.00,2022-10-25 07:35:48 UTC
4,0,Answered Prayers,Modern Horizons,MH1,2,Near Mint,English,,,,,,,,44628,,"",$0.00,2021-05-18 06:10:18 UTC
2,0,Anthropede,Duskmourn: House of Horror,DSK,167,Near Mint,English,,,,,,,,94414,,"",$0.00,2024-12-04 11:00:46 UTC
1,0,Anthropede,Duskmourn: House of Horror,DSK,167,Near Mint,English,foil,,,,,,,94414,,"",$0.00,2024-12-04 11:00:46 UTC
1,0,Anticipate,Core Set 2019,M19,44,Near Mint,English,,,proof,,,,,39637,,"",$0.00,2021-05-18 06:10:18 UTC
1,0,Anticipate,Core Set 2019,M19,44,Near Mint,English,foil,,,,,,,39637,,"",$0.00,2021-05-18 06:10:18 UTC
6,2,Anticipate,Core Set 2019,M19,44,Near Mint,English,,,,,,,,39637,,"",$0.00,2021-05-18 06:10:18 UTC
5,1,Anticipate,Core Set 2020,M20,45,Near Mint,English,,,,,,,,45267,,"",$0.00,2021-05-18 06:10:18 UTC
6,6,Anticipate,Core Set 2020,M20,45,Near Mint,German,,,,,,,,45267,,"",$0.00,2021-05-18 06:10:18 UTC
2,2,Anticipate,Ikoria: Lair of Behemoths,IKO,40,Near Mint,German,,,,,,,,49665,,"",$0.00,2021-05-18 06:10:18 UTC
4,0,Anticipate,Ikoria: Lair of Behemoths,IKO,40,Near Mint,English,,,,,,,,49665,,"",$0.00,2021-05-18 06:10:18 UTC
5,4,Anticognition,Zendikar Rising,ZNR,45,Near Mint,English,,,,,,,,52633,,"",$0.00,2021-05-18 06:10:18 UTC
2,0,Anticognition,Zendikar Rising,ZNR,45,Near Mint,German,,,,,,,,52633,,"",$0.00,2021-05-18 06:10:18 UTC
6,2,Anvilwrought Raptor,Core Set 2020,M20,221,Near Mint,English,,,,,,,,45268,,"",$0.00,2021-05-18 06:10:18 UTC
4,4,Anvilwrought Raptor,Core Set 2020,M20,221,Near Mint,German,,,,,,,,45268,,"",$0.00,2021-05-18 06:10:18 UTC
1,0,Anvilwrought Raptor,Core Set 2020,M20,221,Near Mint,German,foil,,,,,,,45268,,"",$0.00,2021-05-18 06:10:18 UTC
1,0,"Anya, Merciless Angel",Commander Anthology Volume II,CM2,8,Near Mint,English,foil,,,,,,,39306,,"",$0.00,2024-09-04 07:19:27 UTC
1,0,"Anya, Merciless Angel",Murders at Karlov Manor Commander,MKC,199,Near Mint,English,,,,,,,,87831,,"",$0.00,2024-03-24 11:08:14 UTC
1,0,Ape,Extras: Time Spiral Remastered,EX_122,10,Near Mint,English,,,,,,,,55807,,"",$0.00,2021-05-18 06:10:18 UTC
1,0,Ape // Shark,Extras: Outlaws of Thunder Junction Commander,TOTC,2,Near Mint,English,,,,,,,,90927,15 / 6,"",$0.00,2024-05-11 10:41:34 UTC
1,0,Apex Altisaur,Commander 2019,C19,31,Near Mint,English,,,,,,,,45774,,"",$0.00,2021-05-18 06:10:18 UTC
1,0,Apex Altisaur,The Lost Caverns of Ixalan Commander,LCC,232,Near Mint,English,,,,,,,,84892,,"",$0.00,2024-09-24 18:51:40 UTC
1,0,Apex Devastator,Commander Legends,CMR,217,Near Mint,English,,,,,,,,53895,,"",$0.00,2021-05-18 06:10:18 UTC
1,0,Apex of Power,Commander 2021,C21,158,Near Mint,English,,,,,,,,56530,,"",$0.00,2021-05-18 06:10:18 UTC
1,0,Apex of Power,Adventures in the Forgotten Realms Commander,AFC,114,Near Mint,English,,,,,,,,58900,,"",$0.00,2021-08-29 14:03:33 UTC
1,0,Apex of Power,Core Set 2019,M19,129,Near Mint,English,,,,,,,,39602,,"",$0.00,2021-05-18 06:10:18 UTC
1,0,"Aphemia, the Cacophony",Theros Beyond Death,THB,84,Near Mint,German,,,,,,,,48824,,"",$0.00,2021-05-18 06:10:18 UTC
1,0,Apocalypse Hydra,Battlebond,BBD,217,Near Mint,English,,,,,,,,38832,,"",$0.00,2022-02-10 07:50:01 UTC
1,0,Apocalypse Runner,Aetherdrift,dft,188,Near Mint,German,,,,,,,,100550,,"",$0.00,2025-02-27 08:29:46 UTC
3,0,Apostle of Purifying Light,Core Set 2020,M20,6,Near Mint,English,,,,,,,,45201,,"",$0.00,2024-04-04 04:49:00 UTC
1,0,Apostle of Purifying Light,Core Set 2020,M20,6,Near Mint,German,,,,,,,,45201,,"",$0.00,2021-05-18 06:10:18 UTC
3,0,Apostle's Blessing,New Phyrexia,NPH,2,Near Mint,English,,,,,,,,18216,,"",$0.00,2021-05-18 06:10:18 UTC
1,0,Apostle's Blessing,New Phyrexia,NPH,2,Good (Lightly Played),English,,,,,,,,18216,,"",$0.00,2021-05-18 06:10:18 UTC
3,0,Apothecary Geist,Shadows over Innistrad,SOI,4,Near Mint,English,,,,,,,,31011,,"",$0.00,2021-05-18 06:10:18 UTC
1,0,Apothecary White,Ravnica: Clue Edition,CLU,1,Near Mint,English,,,,,,,,87991,,"",$0.00,2024-07-08 04:58:32 UTC
1,0,Appendage Amalgam,Duskmourn: House of Horror,DSK,83,Near Mint,English,,,,,,,,94330,,"",$0.00,2024-09-29 08:04:12 UTC
1,0,Appendage Amalgam,Duskmourn: House of Horror,DSK,83,Near Mint,German,,,,,,,,94330,,"",$0.00,2024-09-23 17:53:28 UTC
1,0,Appetite for Brains,Avacyn Restored,AVR,84,Near Mint,English,,,,,,,,19756,,"",$0.00,2021-05-18 06:10:18 UTC
2,0,Appetite for the Unnatural,Kaladesh,KLD,141,Near Mint,English,,,,,,,,33596,,"",$0.00,2021-05-18 06:10:18 UTC
8,4,Applied Biomancy,Ravnica Allegiance,RNA,153,Near Mint,English,,,,,,,,43751,,"",$0.00,2021-05-18 06:10:18 UTC
6,4,Applied Biomancy,Ravnica Allegiance,RNA,153,Near Mint,German,,,,,,,,43751,,"",$0.00,2021-05-18 06:10:18 UTC
1,0,Apprentice Necromancer,Ultimate Masters,UMA,84,Near Mint,English,,,,,,,,42882,,"",$0.00,2021-05-18 06:10:18 UTC
4,0,Apprentice Sharpshooter,Innistrad: Crimson Vow,VOW,185,Near Mint,English,,,,,,,,61265,,"",$0.00,2021-12-30 08:06:24 UTC
1,0,Apprentice Sorcerer,Portal Second Age,P2,32,Played,English,,,,,,,,13625,,"",$0.00,2021-05-18 06:10:18 UTC
1,0,Apprentice Wizard,Double Masters,2XM,40,Near Mint,English,foil,,,,,,,52004,,"",$0.00,2021-05-18 06:10:18 UTC
3,0,Apprentice Wizard,Double Masters,2XM,40,Near Mint,English,,,,,,,,52004,,"",$0.00,2021-05-18 06:10:18 UTC
2,0,Approach of the Second Sun,Strixhaven Mystical Archive,STA,1,Near Mint,English,,,,,,,,56782,,"",$0.00,2021-05-28 16:45:08 UTC
4,0,Aquamoeba,Dominaria Remastered,DMR,38,Near Mint,English,,,,,,,,73371,,"",$0.00,2023-03-13 19:22:01 UTC
1,0,Aquatic Incursion,Rivals of Ixalan,RIX,32,Near Mint,English,,,,,,,,37937,,"",$0.00,2021-05-18 06:10:18 UTC
2,0,Aqueous Form,Commander Legends,CMR,56,Near Mint,English,,,,,,,,53734,,"",$0.00,2021-05-18 06:10:18 UTC
1,0,"Arabella, Abandoned Doll",Duskmourn: House of Horror,DSK,208,Near Mint,German,,,,,,,,94455,,"",$0.00,2024-09-23 17:53:28 UTC
5,0,Arachnoform,Kaldheim,KHM,159,Near Mint,English,,,,,,,,54828,,"",$0.00,2021-05-18 06:10:18 UTC
1,0,Arachnogenesis,Duskmourn: House of Horror Commander,DSC,169,Near Mint,English,,,,,,,,94851,,"",$0.00,2024-10-13 19:33:06 UTC
1,0,"Aradesh, the Founder",Fallout,PIP,9,Near Mint,English,,,,,,,,88725,,"",$0.00,2024-03-25 20:41:51 UTC
1,0,"Aragorn, Hornburg Hero",The Lord of the Rings: Tales of Middle-earth Commander,LTC,492,Near Mint,English,foil,,,,,,,85173,,"",$0.00,2024-11-25 20:51:29 UTC
1,0,"Aragorn, King of Gondor",The Lord of the Rings: Tales of Middle-earth Commander,LTC,5,Near Mint,English,foil,,,,,,,79524,,"",$0.00,2023-07-20 08:41:51 UTC
1,0,"Arashi, the Sky Asunder",Commander 2021,C21,185,Near Mint,English,,,,,,,,56557,,"",$0.00,2021-05-18 06:10:18 UTC
1,0,Arasta of the Endless Web,Streets of New Capenna Commander,NCC,279,Near Mint,English,,,,,,,,64463,,"",$0.00,2023-03-25 19:15:51 UTC
1,0,Arasta of the Endless Web,Commander Legends: Battle for Baldur's Gate,CLB,817,Near Mint,English,,,,,,,,65933,,"",$0.00,2022-08-02 16:53:55 UTC
1,0,Arasta of the Endless Web,Bloomburrow Commander,BLC,205,Near Mint,English,,,,,,,,93644,,"",$0.00,2024-08-05 18:55:11 UTC
2,0,Arasta of the Endless Web,Theros Beyond Death,THB,165,Near Mint,German,,,,,,,,48715,,"",$0.00,2021-05-18 06:10:18 UTC
1,0,Arasta of the Endless Web,Theros Beyond Death,THB,352,Near Mint,German,foil,,,,,,,49045,Bundle Foil Promo,"",$0.00,2021-05-18 06:10:18 UTC
1,0,Araumi of the Dead Tide,Commander Legends,CMR,267,Near Mint,English,,,,,,,,53945,,"",$0.00,2021-05-18 06:10:18 UTC
1,0,Arbaaz Mir,Assassin's Creed,ACR,46,Near Mint,English,,,,,,,,92553,,"",$0.00,2024-07-24 13:44:58 UTC
1,0,Arbiter of Knollridge,Commander Anthology Volume II,CM2,17,Near Mint,English,,,,,,,,39186,,"",$0.00,2021-05-18 06:10:18 UTC
2,0,Arbor Armament,Jumpstart,JMP,376,Near Mint,English,,,,,,,,51384,,"",$0.00,2021-05-18 06:10:18 UTC
6,2,Arbor Armament,Dominaria,DOM,155,Near Mint,English,,,,,,,,38630,,"",$0.00,2021-05-18 06:10:18 UTC
5,5,Arbor Armament,Dominaria,DOM,155,Near Mint,German,,,,,,,,38630,,"",$0.00,2021-06-07 07:07:21 UTC
1,0,Arbor Elf,Masters 25,A25,160,Near Mint,English,,,proof,,,,,38076,,"",$0.00,2021-05-18 06:10:18 UTC
1,0,Arbor Elf,The Lord of the Rings: Tales of Middle-earth Commander,LTC,232,Near Mint,English,,,,,,,,79751,,"",$0.00,2023-07-20 08:41:51 UTC
7,0,Arborea Pegasus,Adventures in the Forgotten Realms,AFR,2,Near Mint,English,,,,,,,,58283,,"",$0.00,2021-11-12 16:41:54 UTC
1,0,Arborea Pegasus,Adventures in the Forgotten Realms,AFR,299,Near Mint,English,,,,,,,,58580,Showcase,"",$0.00,2021-08-21 13:44:47 UTC
1,0,Arboreal Alliance,The Lord of the Rings: Tales of Middle-earth Commander,LTC,497,Near Mint,English,foil,,,,,,,85178,,"",$0.00,2024-11-24 09:38:14 UTC
7,3,Arboreal Grazer,War of the Spark,WAR,149,Near Mint,English,,,,,,,,44230,,"",$0.00,2021-05-18 06:10:18 UTC
1,1,Arboreal Grazer,War of the Spark,WAR,149,Near Mint,Japanese,,,,,,,,44230,,"",$0.00,2021-05-18 06:10:18 UTC
2,2,Arboreal Grazer,War of the Spark,WAR,149,Near Mint,German,,,,,,,,44230,,"",$0.00,2021-05-18 06:10:18 UTC
4,0,Arboretum Elemental,Guilds of Ravnica,GRN,122,Near Mint,English,,,,,,,,42457,,"",$0.00,2021-05-18 06:10:18 UTC
4,4,Arboretum Elemental,Guilds of Ravnica,GRN,122,Near Mint,German,,,,,,,,42457,,"",$0.00,2021-05-18 06:10:18 UTC
1,0,Arboria,Dominaria Remastered,DMR,438,Near Mint,English,,,,,,,,73771,,"",$0.00,2023-03-13 19:19:11 UTC
1,0,Arc Blade,Time Spiral Remastered,TSR,152,Near Mint,English,,,,,,,,55538,,"",$0.00,2021-05-18 06:10:18 UTC
3,2,Arc Lightning,Urza's Saga,UZ,174,Played,English,,,,,,,,7984,,"",$0.00,2021-05-18 06:10:18 UTC
2,1,Arc Lightning,Urza's Saga,UZ,174,Played,German,,,,,,,,7984,,"",$0.00,2021-05-18 06:10:18 UTC
1,0,Arc Trail,Planechase Anthology,PCA,39,Near Mint,English,,,,,,,,34277,,"",$0.00,2021-05-18 06:10:18 UTC
1,0,Arcade Gannon,Fallout,PIP,92,Near Mint,English,,,,,,,,88808,,"",$0.00,2024-03-25 20:41:51 UTC
1,0,Arcades Sabboth,Dominaria Remastered,DMR,187,Near Mint,English,,,,,,,,73520,,"",$0.00,2023-03-10 17:54:13 UTC
1,0,"Arcades, the Strategist",Core Set 2019,M19,212,Near Mint,English,,,,,,,,39670,,"",$0.00,2021-05-18 06:10:18 UTC
2,0,Arcane Adaptation,Ixalan,XLN,46,Near Mint,English,,,,,,,,36821,,"",$0.00,2021-05-18 06:10:18 UTC
1,0,Arcane Artisan,Kaldheim Commander,KHC,36,Near Mint,English,,,,,,,,55178,,"",$0.00,2021-05-25 07:14:07 UTC
1,0,Arcane Bombardment,Outlaws of Thunder Junction Commander,OTC,154,Near Mint,English,,,,,,,,90725,,"",$0.00,2024-05-11 10:48:45 UTC
1,0,Arcane Denial,Commander 2016,C16,83,Near Mint,English,,,,,,,,33853,,"",$0.00,2021-05-18 06:10:18 UTC
1,0,Arcane Denial,Commander Legends,CMR,393,Near Mint,English,,,,,,,,54071,,"",$0.00,2021-05-18 06:10:18 UTC
1,0,Arcane Denial,Innistrad: Crimson Vow Commander,VOC,102,Near Mint,English,,,,,,,,61762,,"",$0.00,2021-12-03 19:22:24 UTC
1,0,Arcane Denial,The Lord of the Rings: Tales of Middle-earth Commander,LTC,184,Near Mint,English,,,,,,,,79703,,"",$0.00,2023-07-20 08:41:51 UTC
1,0,Arcane Denial,Wilds of Eldraine Commander,WOC,84,Near Mint,English,,,,,,,,82426,,"",$0.00,2023-11-02 16:23:17 UTC
1,0,Arcane Denial,Outlaws of Thunder Junction Commander,OTC,89,Near Mint,English,,,,,,,,90660,,"",$0.00,2024-05-11 10:48:45 UTC
1,0,Arcane Denial,Modern Horizons 3 Commander,M3C,176,Near Mint,English,,,,,,,,92031,,"",$0.00,2024-06-21 15:14:47 UTC
1,0,Arcane Denial,Duskmourn: House of Horror Commander,DSC,110,Near Mint,English,,,,,,,,94792,,"",$0.00,2024-10-13 19:33:06 UTC
1,0,Arcane Denial,Aetherdrift Commander,drc,70,Near Mint,English,,,,,,,,100999,,"",$0.00,2025-02-26 08:31:18 UTC
4,0,Arcane Encyclopedia,Core Set 2019,M19,227,Near Mint,English,,,,,,,,39485,,"",$0.00,2021-05-18 06:10:18 UTC
