Count,Tradelist Count,Name,Edition,Edition Code,Card Number,Condition,Language,Foil,Signed,Artist Proof,Altered Art,Misprint,Promo,Textless,My Price,Last Updated
1,0,Forest,Bloomburrow,BLB,280,Near Mint,English,,,,,,,,,2024-08-01 20:37:58 Z
5,4,Siren Lookout,Ixalan,XLN,78,Near Mint,English,,,,,,,,,2021-05-18 06:10:18 Z
1,0,Siren Lookout,Ixalan,XLN,78,Near Mint,English,foil,,,,,,,,2021-05-18 06:10:18 Z
1,0,Surge of Brilliance,Doctor Who,WHO,57,Near Mint,English,,,,,,,,,2023-11-14 17:21:24 Z
1,0,Obyra's Attendants // Desperate Parry,Wilds of Eldraine,WOE,63,Near Mint,German,,,,,,,,,2023-09-05 05:36:06 Z
5,4,Venerable Knight,Throne of Eldraine,ELD,35,Near Mint,English,,,,,,,,,2021-05-18 06:10:18 Z
2,1,Venerable Knight,Throne of Eldraine,ELD,35,Near Mint,German,,,,,,,,,2021-05-18 06:10:18 Z
1,0,Ragged Playmate,Duskmourn: House of Horror,DSK,150,Near Mint,English,,,,,,,,,2024-09-29 08:14:59 Z
2,1,Ragged Playmate,Duskmourn: House of Horror,DSK,150,Near Mint,German,,,,,,,,,2024-09-23 17:53:28 Z
1,0,Whiptongue Hydra,Commander 2018,C18,36,Near Mint,German,,,,,,,,,2021-05-18 06:10:18 Z
1,0,War Historian,March of the Machine,MOM,214,Near Mint,English,,,,,,,,,2023-05-10 04:53:22 Z
1,0,Mystical Tutor,Dominaria Remastered,DMR,421,Near Mint,English,,,,,,,,,2023-03-13 11:15:26 Z
2,1,Blood Operative,Guilds of Ravnica,GRN,63,Near Mint,English,,,,,,,,,2021-05-18 06:10:18 Z
3,2,Blood Operative,Guilds of Ravnica,GRN,63,Near Mint,German,,,,,,,,,2021-05-18 06:10:18 Z
1,0,Mortify,The Lord of the Rings: Tales of Middle-earth Commander,LTC,269,Near Mint,English,,,,,,,,,2023-07-20 08:41:51 Z
1,0,Paradise Druid,Wilds of Eldraine Commander,WOC,129,Near Mint,English,,,,,,,,,2023-11-02 16:23:17 Z
1,0,Run Away Together,Wilds of Eldraine Commander,WOC,108,Near Mint,English,,,,,,,,,2023-11-02 16:23:17 Z
3,2,Sinew Sliver,"Time Spiral ""Timeshifted""",TSR,44,Near Mint,English,,,,,,,,,2021-05-18 06:10:18 Z
7,6,Charge,Dominaria,DOM,10,Near Mint,English,,,,,,,,,2021-05-18 06:10:18 Z
1,0,Charge,Dominaria,DOM,10,Near Mint,German,,,,,,,,,2021-05-18 06:10:18 Z
3,2,Island,Throne of Eldraine,ELD,255,Near Mint,English,,,,,,,,,2021-05-18 06:10:18 Z
1,0,Island,Throne of Eldraine,ELD,255,Near Mint,German,,,,,,,,,2021-05-18 06:10:18 Z
6,5,Novice Knight,Core Set 2019,M19,30,Near Mint,English,,,,,,,,,2021-05-18 06:10:18 Z
1,0,"Odric, Master Tactician",Commander 2020,C20,96,Near Mint,English,,,,,,,,,2021-05-18 06:10:18 Z
1,0,Crown of Gondor,The Lord of the Rings: Tales of Middle-earth Commander,LTC,75,Near Mint,English,,,,,,,,,2023-07-20 08:41:51 Z
1,0,Invisible Stalker,Innistrad,ISD,60,Good (Lightly Played),English,,,,,,,,,2021-05-18 06:10:18 Z
1,0,"Dakkon, Shadow Slayer",Modern Horizons 2,MH2,192,Near Mint,English,,,,,,,,,2021-06-20 06:53:19 Z
1,0,Harmonize,Commander 2020,C20,173,Near Mint,English,,,,,,,,,2021-05-18 06:10:18 Z
1,0,Rite of the Raging Storm,Streets of New Capenna Commander,NCC,274,Near Mint,English,,,,,,,,,2023-03-25 19:15:51 Z
1,0,"Gorion, Wise Mentor",Commander Legends: Battle for Baldur's Gate,CLB,276,Near Mint,English,,,,,,,,,2022-08-01 17:30:48 Z
2,1,Wolf,Extras: Innistrad: Crimson Vow Tokens,TVOW,11,Near Mint,English,,,,,,,,,2021-12-17 08:38:14 Z
1,0,Ornery Tumblewagg,Outlaws of Thunder Junction,OTJ,171,Near Mint,German,,,,,,,,,2024-04-19 19:10:30 Z
1,0,Mad Auntie,Modern Masters,MMA,90,Good (Lightly Played),English,,,,,,,,,2024-05-17 19:48:34 Z
1,0,Midnight Clock,Modern Horizons 3 Commander,M3C,189,Near Mint,English,,,,,,,,,2024-06-21 15:14:47 Z
1,0,Invasion of Tolvada // The Broken Sky,March of the Machine,MOM,241,Near Mint,English,,,,,,,,,2023-05-07 14:13:10 Z
1,0,"Lazav, Familiar Stranger",Outlaws of Thunder Junction,OTJ,216,Near Mint,English,,,,,,,,,2024-04-24 05:19:02 Z
5,4,Consecrate // Consume,Ravnica Allegiance,RNA,224,Near Mint,English,,,,,,,,,2021-05-18 06:10:18 Z
2,1,Consecrate // Consume,Ravnica Allegiance,RNA,224,Near Mint,German,,,,,,,,,2021-05-18 06:10:18 Z
1,0,"Farid, Enterprising Salvager",The Brothers' War Commander,BRC,13,Near Mint,English,,,,,,,,,2023-01-01 14:56:52 Z
1,0,Return to Dust,Kaldheim Commander,KHC,32,Near Mint,English,,,,,,,,,2021-05-25 07:14:07 Z
4,3,Shock,Aether Revolt,AER,98,Good (Lightly Played),English,,,,,,,,,2021-05-18 06:10:18 Z
1,0,Shock,Aether Revolt,AER,98,Near Mint,German,,,,,,,,,2021-05-18 06:10:18 Z
3,2,Walk the Plank,Ixalan,XLN,130,Near Mint,English,,,,,,,,,2021-05-18 06:10:18 Z
1,0,"Izoni, Thousand-Eyed",Guilds of Ravnica Guild Kit,GK1,50,Near Mint,German,foil,,,,,,,,2021-05-18 06:10:18 Z
1,0,"Lazav, Dimir Mastermind",Zendikar Rising Commander,ZNC,92,Near Mint,English,,,,,,,,,2021-05-18 06:10:18 Z
1,0,Celestial Kirin,Saviors of Kamigawa,SOK,3,Near Mint,English,foil,,proof,,,,,,2021-05-18 06:10:18 Z
1,0,Talisman of Curiosity,Modern Horizons 3 Commander,M3C,309,Near Mint,English,,,,,,,,,2024-06-21 15:14:47 Z
1,0,Orzhov Advokist,Commander 2016,C16,3,Near Mint,English,,,,,,,,,2021-05-18 06:10:18 Z
5,4,"Hogaak, Arisen Necropolis",Modern Horizons Foil,MH1,202,Near Mint,English,,,,,,,,,2022-10-23 15:11:30 Z
1,0,Security Rhox,Streets of New Capenna,SNC,220,Near Mint,English,,,,,,,,,2022-05-06 08:11:16 Z
1,0,Slinking Skirge,Urza's Destiny,UDS,71,Good (Lightly Played),English,,,,,,,,,2024-06-28 18:36:22 Z
3,2,Scoured Barrens,Kamigawa: Neon Dynasty,NEO,274,Near Mint,English,,,,,,,,,2022-03-29 07:54:24 Z
1,0,Behemoth Sledge,Fallout,PIP,211,Near Mint,English,,,,,,,,,2024-03-25 20:41:51 Z
1,0,Grim Captain's Call,Ixalan,XLN,108,Near Mint,English,,,,,,,,,2021-05-18 06:10:18 Z
4,3,Enchanted Carriage,Throne of Eldraine,ELD,218,Near Mint,English,,,,,,,,,2021-05-18 06:10:18 Z
2,1,Enchanted Carriage,Throne of Eldraine,ELD,218,Near Mint,German,,,,,,,,,2021-05-18 06:10:18 Z
1,0,Insect,Extras: Shadows over Innistrad Tokens,TSOI,7,Near Mint,English,,,,,,,,,2021-05-18 06:10:18 Z
1,0,Workshop Elders,March of the Machine Commander,MOC,245,Near Mint,English,,,,,,,,,2023-05-28 12:31:13 Z
1,0,Eyeblight Massacre,Kaldheim Commander,KHC,49,Near Mint,English,,,,,,,,,2021-05-25 07:14:07 Z
2,1,Saprazzan Skerry,Mercadian Masques,MMQ,328,Near Mint,English,,,,,,,,,2023-07-06 10:38:42 Z
2,1,Saprazzan Skerry,Mercadian Masques,MMQ,328,Good (Lightly Played),German,,,,,,,,,2021-05-18 06:10:18 Z
13,12,Duress,Ixalan,XLN,105,Near Mint,English,,,,,,,,,2021-05-18 06:10:18 Z
2,1,Warrant // Warden,Ravnica Allegiance,RNA,230,Near Mint,English,,,,,,,,,2021-05-18 06:10:18 Z
1,0,Warrant // Warden,Ravnica Allegiance,RNA,230,Near Mint,German,,,,,,,,,2021-05-18 06:10:18 Z
1,0,Lightning Shrieker,Fate Reforged,FRF,106,Near Mint,English,,,proof,,,,,,2021-05-18 06:10:18 Z
1,0,Pteramander,Outlaws of Thunder Junction Commander,OTC,109,Near Mint,English,,,,,,,,,2024-05-11 10:48:45 Z
1,0,"Titania, Nature's Force",The Brothers' War Commander,BRC,25,Near Mint,English,,,,,,,,,2023-01-01 14:56:52 Z
1,0,Rootcast Apprenticeship,Bloomburrow Commander,BLC,32,Near Mint,English,,,,,,,,,2024-08-05 18:55:11 Z
1,0,Grove of the Guardian,Guilds of Ravnica Guild Kit,GK1,124,Near Mint,German,,,,,,,,,2021-05-18 06:10:18 Z
8,7,Deadly Alliance,Zendikar Rising,ZNR,96,Near Mint,English,,,,,,,,,2021-05-18 06:10:18 Z
1,0,Deadly Alliance,Zendikar Rising,ZNR,96,Near Mint,German,,,,,,,,,2021-05-18 06:10:18 Z
1,0,Deadly Alliance,Zendikar Rising,ZNR,96,Near Mint,English,foil,,,,,,,,2021-05-18 06:10:18 Z
1,0,Rhino,Extras: Modern Horizons Tokens,TMH1,13,Near Mint,English,foil,,,,,,,,2021-05-18 06:10:18 Z
1,0,Bat,Extras: The Lost Caverns of Ixalan Tokens,TLCI,6,Near Mint,English,,,,,,,,,2023-12-17 20:10:10 Z
1,0,Elemental,Extras: Outlaws of Thunder Junction Tokens,TOTJ,12,Near Mint,English,,,,,,,,,2024-04-27 18:00:55 Z
1,0,"Alesha, Who Smiles at Death",Commander 2020,C20,143,Near Mint,English,,,,,,,,,2021-05-18 06:10:18 Z
1,0,Spurnmage Advocate,Judgment,JUD,27,Good (Lightly Played),English,,,,,,,,,2024-04-29 15:13:46 Z
1,0,Kiddie Coaster,Unfinity,UNF,219c,Near Mint,English,,,,,,,,,2023-11-23 19:13:01 Z
4,3,Pelakka Wurm,Core Set 2019,M19,192,Near Mint,English,,,,,,,,,2021-05-18 06:10:18 Z
2,1,Ripscale Predator,Commander Legends,CMR,196,Near Mint,English,,,,,,,,,2021-05-18 06:10:18 Z
1,0,Ripscale Predator,Commander Legends,CMR,196,Near Mint,English,foil,,,,,,,,2021-05-18 06:10:18 Z
1,0,Bladegriff Prototype,Outlaws of Thunder Junction Commander,OTC,253,Near Mint,English,,,,,,,,,2024-05-11 10:48:45 Z
1,0,Plains,Guilds of Ravnica Weekend,PRWK,A08,Near Mint,English,foil,,,,,,,,2021-05-18 06:10:18 Z
1,0,Gemrazer,Ikoria: Lair of Behemoths,IKO,155,Near Mint,English,,,,,,,,,2021-05-18 06:10:18 Z
1,0,Zealous Persecution,Explorers of Ixalan,E02,41,Near Mint,English,,,proof,,,,,,2021-05-18 06:10:18 Z
1,0,Hunting Wilds,Commander 2018,C18,152,Near Mint,German,,,,,,,,,2021-05-18 06:10:18 Z
1,0,Rally the Galadhrim,The Lord of the Rings: Tales of Middle-earth Commander,LTC,499,Near Mint,English,foil,,,,,,,,2024-11-24 09:38:35 Z
1,0,Temur Charm,Commander 2020,C20,230,Near Mint,English,,,,,,,,,2021-05-18 06:10:18 Z
1,0,Biolume Egg // Biolume Serpent,Innistrad Remastered,INR,54,Near Mint,English,foil,,,,,,,,2025-03-05 00:00:00 Z
1,0,Reconnaissance Mission,"Warhammer 40,000",40K,193,Near Mint,English,,,,,,,,,2022-10-26 06:03:47 Z
1,0,Wasteful Harvest,The Brothers' War,BRO,196,Near Mint,English,,,,,,,,,2023-02-23 20:05:43 Z
1,0,Krosan Verge,Commander 2018,C18,263,Near Mint,German,,,,,,,,,2021-05-18 06:10:18 Z
1,0,Otepec Huntmaster,Lost Caverns of Ixalan Commander,LCC,229,Near Mint,English,,,,,,,,,2024-09-24 18:51:40 Z
1,0,Krosan Verge,Innistrad: Midnight Hunt Commander,MIC,175,Near Mint,English,,,,,,,,,2021-11-04 07:05:05 Z
1,0,Give In to Violence,Duskmourn: House of Horror,DSK,101,Near Mint,English,,,,,,,,,2024-09-27 07:40:00 Z
1,0,Give In to Violence,Duskmourn: House of Horror,DSK,101,Near Mint,German,,,,,,,,,2024-09-23 17:53:28 Z
1,0,Give In to Violence,Duskmourn: House of Horror,DSK,101,Near Mint,English,foil,,,,,,,,2024-12-04 11:00:52 Z
1,0,Knight of the White Orchid,Commander 2021,C21,95,Near Mint,English,,,,,,,,,2021-05-18 06:10:18 Z
3,2,Gift of Paradise,Commander Legends,CMR,229,Near Mint,English,,,,,,,,,2021-05-18 06:10:18 Z
1,0,Snake Umbra,Wilds of Eldraine Commander,WOC,133,Near Mint,English,,,,,,,,,2023-11-02 16:23:17 Z
1,0,"Nikara, Lair Scavenger",Commander 2020,C20,3,Near Mint,English,foil,,,,,,,,2021-05-18 06:10:18 Z
3,2,Rescuer Sphinx,War of the Spark Japanese Alternate Art,WAR,65,Near Mint,English,,,,,,,,,2021-05-18 06:10:18 Z
3,2,Rescuer Sphinx,War of the Spark Japanese Alternate Art,WAR,65,Near Mint,German,,,,,,,,,2021-05-18 06:10:18 Z
1,0,Rescuer Sphinx,War of the Spark Japanese Alternate Art,WAR,65,Near Mint,Japanese,,,,,,,,,2021-05-18 06:10:18 Z
8,7,Forest,Ravnica Allegiance Guild Kit,GK2,106,Near Mint,English,,,,,,,,,2021-05-18 06:10:18 Z
1,0,Dusk // Dawn,Bloomburrow Commander,BLC,138,Near Mint,English,,,,,,,,,2024-08-05 18:55:11 Z
35,34,Plains,March of the Machine,MOM,277,Near Mint,English,,,,,,,,,2024-02-10 18:28:32 Z
8,7,Plains,March of the Machine,MOM,277,Near Mint,English,foil,,,,,,,,2024-02-10 18:28:32 Z
1,0,Phantom Interference,Outlaws of Thunder Junction,OTJ,61,Near Mint,German,,,,,,,,,2024-04-19 19:10:30 Z
1,0,Ox of Agonas,Kamigawa: Neon Dynasty Commander,NEC,108,Near Mint,English,,,,,,,,,2022-03-12 19:16:13 Z
1,0,Dread Specter,Mirage,MIR,119,Good (Lightly Played),English,,,,,,,,,2024-02-23 19:47:26 Z
2,1,Island,Commander Anthology Volume II,CM2,288,Near Mint,English,,,,,,,,,2025-03-06 00:00:00 Z
3,2,Call the Bloodline,Friday Night Magic 2016,F16,12,Near Mint,German,foil,,,,,,,,2021-05-18 06:10:18 Z
3,2,Needlepeak Spider,"Time Spiral ""Timeshifted""",TSR,177,Near Mint,English,,,,,,,,,2021-05-18 06:10:18 Z
8,7,Orazca Frillback,Rivals of Ixalan,RIX,140,Near Mint,English,,,,,,,,,2021-05-18 06:10:18 Z
1,0,Shadow Kin,Innistrad: Midnight Hunt Commander,MIC,16,Near Mint,English,,,,,,,,,2021-11-04 07:05:05 Z
1,0,Ghor-Clan Bloodscale,Guildpact,GPT,66,Played,German,,,,,,,,,2024-02-09 19:41:36 Z
1,0,Gray Merchant of Asphodel,Duskmourn: House of Horror Commander,DSC,142,Near Mint,English,,,,,,,,,2024-10-13 19:33:06 Z
1,0,Elvish Skysweeper,Game Night: Free-for-All,GN3,95,Near Mint,English,,,,,,,,,2022-11-19 12:10:27 Z
10,9,Tolarian Scholar,Dominaria,DOM,71,Near Mint,English,,,,,,,,,2021-05-18 06:10:18 Z
5,4,Tolarian Scholar,Dominaria,DOM,71,Near Mint,German,,,,,,,,,2021-06-07 06:29:37 Z
2,1,Swamp,Dominaria United,DMU,269,Near Mint,English,,,,,,,,,2023-07-07 06:50:36 Z
1,0,Swamp,Dominaria United,DMU,269,Near Mint,English,foil,,,,,,,,2023-07-07 06:50:36 Z
1,0,Sheltered Thicket,Doctor Who,WHO,304,Near Mint,English,,,,,,,,,2023-11-14 17:21:35 Z
1,0,Cloudform,Commander 2018,C18,83,Near Mint,German,,,,,,,,,2021-05-18 06:10:18 Z
1,0,Ghostly Prison,Phyrexia: All Will Be One Commander,ONC,71,Near Mint,English,,,,,,,,,2023-05-18 11:17:38 Z
5,4,Lava Serpent,Ikoria: Lair of Behemoths,IKO,124,Near Mint,English,,,,,,,,,2021-05-18 06:10:18 Z
2,1,Lava Serpent,Ikoria: Lair of Behemoths,IKO,124,Near Mint,German,,,,,,,,,2021-05-18 06:10:18 Z
1,0,"Gríma, Saruman's Footman",The Lord of the Rings: Tales of Middle-earth Commander,LTC,57,Near Mint,English,,,,,,,,,2023-07-20 08:41:51 Z
4,3,Temple of Epiphany,Core Set 2020,M20,253,Near Mint,English,,,,,,,,,2021-05-18 06:10:18 Z
1,0,Rapid Hybridization,Ravnica: Clue Edition,CLU,93,Near Mint,English,,,,,,,,,2024-07-11 08:19:56 Z
1,0,"Kylox, Visionary Inventor",Murders at Karlov Manor,MKM,214,Near Mint,English,,,,,,,,,2024-02-16 20:45:49 Z
4,3,Forest,Core Set 2020,M20,278,Near Mint,German,,,,,,,,,2021-05-18 06:10:18 Z
1,0,Beast-Kin Ranger,Foundations,FDN,100,Near Mint,English,,,,,,,,,2025-01-05 13:02:42 Z
1,0,Parallel Lives,Innistrad,ISD,199,Good (Lightly Played),English,,,,,,,,,2021-05-18 06:10:18 Z
1,0,Smite the Monstrous,Innistrad,ISD,33,Near Mint,English,foil,,,,,,,,2021-05-18 06:10:18 Z
4,3,"Ghalta, Primal Hunger",Rivals of Ixalan,RIX,130,Near Mint,English,,,,,,,,,2021-05-18 06:10:18 Z
4,3,Mutiny,Rivals of Ixalan,RIX,106,Near Mint,English,,,,,,,,,2021-05-18 06:10:18 Z
3,2,Martyr of Sands,Ultimate Masters,UMA,25,Near Mint,English,,,,,,,,,2021-05-18 06:10:18 Z
2,1,Kelpie Guide,Strixhaven: School of Mages,STX,45,Near Mint,English,,,,,,,,,2021-06-04 04:43:49 Z
2,1,Food,Extras: Unfinity Tokens,TUNF,10,Near Mint,English,,,,,,,,,2023-11-23 19:08:06 Z
1,0,Thought Monitor,The Brothers' War Commander,BRC,98,Near Mint,English,,,,,,,,,2023-01-01 14:56:52 Z
3,2,Bloodtithe Harvester,Innistrad: Crimson Vow,VOW,310,Near Mint,English,,,,,,,,,2022-04-09 15:56:39 Z
1,0,Buried Ruin,Jumpstart,JMP,491,Near Mint,English,,,,,,,,,2021-05-18 06:10:18 Z
1,0,Sunpetal Grove,Fallout,PIP,297,Near Mint,English,,,,,,,,,2024-03-25 20:41:51 Z
1,0,Windfall,Commander Anthology Volume II,CM2,55,Near Mint,English,,,,,,,,,2021-05-18 06:10:18 Z
4,3,Forest,War of the Spark Japanese Alternate Art,WAR,264,Near Mint,English,,,,,,,,,2021-05-18 06:10:18 Z
1,0,Neverwinter Dryad,Adventures in the Forgotten Realms,AFR,329,Near Mint,English,,,,,,,,,2021-08-30 05:49:47 Z
1,0,Graven Cairns,Double Masters,2XM,320,Near Mint,English,,,,,,,,,2021-05-18 06:10:18 Z
2,1,Dimir Aqueduct,The Brothers' War Commander,BRC,182,Near Mint,English,,,,,,,,,2023-01-01 14:56:52 Z
3,2,Unruly Mob,Shadows over Innistrad,SOI,47,Near Mint,English,,,,,,,,,2021-05-18 06:10:18 Z
2,1,Aether Spike,Modern Horizons 3,MH3,50,Near Mint,English,,,,,,,,,2024-09-04 19:56:07 Z
4,3,Verdurous Gearhulk,Kaladesh,KLD,172,Near Mint,English,,,,,,,,,2021-05-18 06:10:18 Z
1,0,Drover of the Mighty,Lost Caverns of Ixalan Commander,LCC,239,Near Mint,English,,,,,,,,,2024-09-24 18:51:40 Z
1,0,Swamp,March of the Machine,MOM,287,Near Mint,English,,,,,,,,,2023-07-07 05:58:10 Z
1,0,Ripples of Undeath,Modern Horizons 3,MH3,455,Near Mint,English,foil,,,,,,,,2024-06-17 18:12:13 Z
2,1,Humble,Urza's Saga,USG,18,Good (Lightly Played),English,,,,,,,,,2025-01-08 09:00:42 Z
5,4,Crushing Canopy,Jumpstart,JMP,386,Near Mint,English,,,,,,,,,2021-05-18 06:10:18 Z
1,0,Calamity's Wake,The Brothers' War,BRO,4,Near Mint,English,,,,,,,,,2023-01-27 11:50:56 Z
1,0,Professor Onyx,Strixhaven: School of Mages,STX,83,Near Mint,English,,,,,,,,,2021-05-18 06:10:18 Z
1,0,"Idris, Soul of the TARDIS",Doctor Who,WHO,419,Near Mint,English,,,,,,,,,2023-11-03 10:14:42 Z
4,3,Skyclave Cleric // Skyclave Basilica,Zendikar Rising,ZNR,40,Near Mint,English,,,,,,,,,2021-05-18 06:10:18 Z
1,0,Skyclave Cleric // Skyclave Basilica,Zendikar Rising,ZNR,40,Near Mint,German,,,,,,,,,2021-05-18 06:10:18 Z
1,0,Storm-Kiln Artist,Outlaws of Thunder Junction Commander,OTC,181,Near Mint,English,,,,,,,,,2024-05-11 10:48:45 Z
1,0,Assimilation Aegis,Outlaws of Thunder Junction,OTJ,192,Near Mint,English,,,,,,,,$1.23,2025-03-12 00:00:00 Z
1,0,Valiant Changeling,Commander Legends: Battle for Baldur's Gate,CLB,711,Near Mint,English,,,,,,,,,2022-08-02 16:53:55 Z
4,3,Ember-Fist Zubera,Champions of Kamigawa,CHK,166,Good (Lightly Played),English,,,,,,,,,2021-05-18 06:10:18 Z
1,0,Hedge Shredder,Duskmourn: House of Horror,DSK,320,Near Mint,German,,,,,,,,,2024-09-23 17:53:28 Z
1,0,Explosive Vegetation,Dominaria United Commander,DMC,132,Near Mint,English,,,,,,,,,2022-12-22 17:24:27 Z
1,0,Information Booth,Unfinity,UNF,218a,Near Mint,English,,,,,,,,,2023-11-22 20:07:02 Z
1,0,Opt,Wilds of Eldraine Commander,WOC,101,Near Mint,English,,,,,,,,,2023-11-02 16:23:17 Z
1,0,Mountain,Core Set 2021,M21,312,Near Mint,English,,,,,,,,,2021-05-18 06:10:18 Z
2,1,Mountain,Core Set 2021,M21,312,Near Mint,German,,,,,,,,,2021-05-18 06:10:18 Z
1,0,Mountain,Core Set 2021,M21,312,Near Mint,English,foil,,,,,,,,2021-05-18 06:10:18 Z
5,4,Stinging Lionfish,Theros Beyond Death,THB,69,Near Mint,German,,,,,,,,,2021-05-18 06:10:18 Z
1,0,Vraska's Fall,Phyrexia: All Will Be One,ONE,116,Near Mint,English,,,,,,,,,2023-05-18 07:10:36 Z
1,0,Bojuka Bog,Commander 2020,C20,259,Near Mint,English,,,,,,,,,2021-05-18 06:10:18 Z
1,0,Braulios of Pheres Band,Foundations Jumpstart,J25,51,Near Mint,English,,,,,,,,,2024-11-24 09:33:28 Z
1,0,Fealty to the Realm,The Lord of the Rings: Tales of Middle-earth Commander,LTC,21,Near Mint,English,,,,,,,,,2023-07-20 08:41:51 Z
2,1,Scaled Behemoth,Commander Legends,CMR,251,Near Mint,English,,,,,,,,,2021-05-18 06:10:18 Z
1,0,Lightning Shrieker,Jumpstart,JMP,345,Near Mint,English,,,,,,,,,2021-05-18 06:10:18 Z
2,1,Island,Core Set 2021,M21,264,Near Mint,English,,,,,,,,,2021-05-18 06:10:18 Z
1,0,Island,Core Set 2021,M21,264,Near Mint,English,foil,,,,,,,,2021-05-18 06:10:18 Z
1,0,Island,Core Set 2021,M21,264,Near Mint,German,foil,,,,,,,,2021-05-18 06:10:18 Z
1,0,Goblin Tomb Raider,The Lost Caverns of Ixalan,LCI,151,Near Mint,English,,,,,,,,,2024-01-12 17:00:40 Z
1,0,Goblin Tomb Raider,The Lost Caverns of Ixalan,LCI,151,Near Mint,English,foil,,,,,,,,2024-01-12 17:00:40 Z
1,0,Dune Diviner,Hour of Devastation,HOU,114,Good (Lightly Played),English,,,,,,,,,2024-05-03 18:40:52 Z
1,0,Saruman of Many Colors,The Lord of the Rings: Tales of Middle-earth,LTR,328,Near Mint,English,,,,,,,,,2023-07-20 20:16:09 Z
2,1,Forest,Jumpstart,JMP,72,Near Mint,English,,,,,,,,,2021-05-18 06:10:18 Z
1,0,Minds Aglow,Commander Anthology Volume II,CM2,46,Near Mint,English,,,,,,,,,2021-05-18 06:10:18 Z
2,1,Resurgent Belief,Modern Horizons 2,MH2,26,Near Mint,English,,,,,,,,,2021-07-01 08:58:32 Z
2,1,"Gavi, Nest Warden",Oversized: Commander 2020,OC20,7,Near Mint,English,foil,,,,,,,,2022-09-10 17:43:15 Z
2,1,Jungle Hollow,Ikoria: Lair of Behemoths,IKO,249,Near Mint,English,,,,,,,,,2021-05-18 06:10:18 Z
3,2,Jungle Hollow,Ikoria: Lair of Behemoths,IKO,249,Near Mint,German,,,,,,,,,2021-05-18 06:10:18 Z
1,0,Jungle Hollow,Ikoria: Lair of Behemoths,IKO,249,Near Mint,English,foil,,,,,,,,2021-05-18 06:10:18 Z
7,6,Disdainful Stroke,Guilds of Ravnica,GRN,37,Near Mint,English,,,,,,,,,2021-05-18 06:10:18 Z
8,7,Disdainful Stroke,Guilds of Ravnica,GRN,37,Near Mint,German,,,,,,,,,2021-05-18 06:10:18 Z
1,0,Assault Intercessor,"Warhammer 40,000",40K,104,Near Mint,English,,,,,,,,,2022-10-26 05:53:27 Z
1,0,Agatha's Soul Cauldron,Wilds of Eldraine,WOE,242,Near Mint,English,,,,,,,,,2024-10-29 18:01:10 Z
1,0,Bravado,Urza's Saga,USG,177,Played,German,,,,,,,,,2021-05-18 06:10:18 Z
1,0,Sterling Keykeeper,Outlaws of Thunder Junction,OTJ,32,Near Mint,English,,,,,,,,,2024-04-25 09:06:11 Z
1,0,Sterling Keykeeper,Outlaws of Thunder Junction,OTJ,32,Near Mint,German,,,,,,,,,2024-04-19 19:10:30 Z
1,0,Drop Tower,Unfinity,UNF,209b,Near Mint,English,,,,,,,,,2023-10-16 14:01:04 Z
1,0,Blossoming Sands,Commander 2019,C19,231,Near Mint,English,,,,,,,,,2021-05-18 06:10:18 Z
4,3,"Heliod, Sun-Crowned",Theros Beyond Death,THB,18,Near Mint,English,,,,,,,,,2021-05-18 06:10:18 Z
2,1,Scheming Symmetry,Core Set 2020,M20,113,Near Mint,English,,,,,,,,,2021-05-18 06:10:18 Z
1,0,Scheming Symmetry,Core Set 2020,M20,113,Near Mint,German,,,,,,,,,2021-05-18 06:10:18 Z
1,0,Scheming Symmetry,Core Set 2020,M20,113,Near Mint,German,,,,,,promo,,,2021-05-18 06:10:18 Z
1,0,Clockspinning,Doctor Who,WHO,215,Near Mint,English,,,,,,,,,2023-11-14 17:21:24 Z
1,0,Noxious Dragon,Commander Legends,CMR,139,Near Mint,English,,,,,,,,,2021-05-18 06:10:18 Z
5,4,Arcane Signet,Commander 2021,C21,234,Near Mint,English,,,,,,,,,2021-05-18 06:10:18 Z
1,0,Mistmeadow Witch,Commander Anthology,CMA,203,Near Mint,English,,,proof,,,,,,2021-05-18 06:10:18 Z
1,0,The Rani,Doctor Who,WHO,149,Near Mint,English,,,,,,,,,2023-11-14 17:21:24 Z
1,0,Haunted Ridge,Doctor Who,WHO,286,Near Mint,English,,,,,,,,,2023-11-14 17:21:35 Z
1,0,An Incident Has Occurred,Unfinity,UNF,143,Near Mint,English,,,,,,,,,2023-10-16 13:04:34 Z
1,0,Grotag Siege-Runner,Rise of the Eldrazi,ROE,149,Good (Lightly Played),English,,,,,,,,,2024-05-17 19:57:04 Z
1,0,"Adriana, Captain of the Guard",Dominaria United Commander,DMC,139,Near Mint,English,,,,,,,,,2022-12-22 17:24:27 Z
4,3,Swamp,Dominaria Remastered,DMR,407,Near Mint,English,,,,,,,,,2023-07-07 07:03:47 Z
1,0,Hardened Scales,Commander Anthology Volume II,CM2,138,Near Mint,English,,,,,,,,,2021-05-18 06:10:18 Z
5,4,Burning Prophet,War of the Spark Japanese Alternate Art,WAR,117,Near Mint,English,,,,,,,,,2021-05-18 06:10:18 Z
9,8,Burning Prophet,War of the Spark Japanese Alternate Art,WAR,117,Near Mint,German,,,,,,,,,2021-05-18 06:10:18 Z
1,0,Burning Prophet,War of the Spark Japanese Alternate Art,WAR,117,Near Mint,Japanese,,,,,,,,,2021-05-18 06:10:18 Z
1,0,Burning Prophet,War of the Spark Japanese Alternate Art,WAR,117,Near Mint,English,foil,,,,,,,,2021-05-18 06:10:18 Z
1,0,"Melek, Reforged Researcher",Murders at Karlov Manor,MKM,430,Near Mint,English,foil,,,,,,,,2024-03-25 17:08:24 Z
3,2,Break the Ice,Modern Horizons 2,MH2,77,Near Mint,English,,,,,,,,,2021-07-04 09:44:16 Z
7,6,Gilded Sentinel,Ixalan,XLN,239,Near Mint,English,,,,,,,,,2021-05-18 06:10:18 Z
1,0,Rakdos Signet,Duskmourn: House of Horror Commander,DSC,250,Near Mint,English,,,,,,,,,2024-10-13 19:33:06 Z
1,0,Archipelagore,Ikoria: Lair of Behemoths,IKO,283,Near Mint,English,,,,,,,,,2021-05-18 06:10:18 Z
1,0,Archipelagore,Ikoria: Lair of Behemoths,IKO,283,Near Mint,German,,,,,,,,,2021-05-18 06:10:18 Z
1,0,Turn // Burn,Guilds of Ravnica Guild Kit,GK1,45,Near Mint,German,,,,,,,,,2021-05-18 06:10:18 Z
1,0,Joraga Invocation,Foundations,FDN,555,Near Mint,English,,,,,,,,,2025-01-05 13:48:08 Z
1,0,Smirking Spelljacker,Outlaws of Thunder Junction Commander,OTC,16,Near Mint,English,,,,,,,,,2024-05-11 10:48:45 Z
1,0,"Fblthp, Lost on the Range",Outlaws of Thunder Junction,OTJ,48,Near Mint,English,,,,,,,,,2024-05-03 20:44:15 Z
1,0,"Fblthp, Lost on the Range",Outlaws of Thunder Junction,OTJ,48,Near Mint,German,,,,,,,,,2024-04-19 19:10:30 Z
1,0,The Fair Basilica,Phyrexia: All Will Be One,ONE,252,Near Mint,English,,,,,,,,,2024-07-08 15:06:57 Z
1,0,Hellkite Igniter,Commander 2018,C18,124,Near Mint,German,,,,,,,,,2021-05-18 06:10:18 Z
1,0,Tendrils of Corruption,Commander 2014,C14,166,Near Mint,English,,,proof,,,,,,2021-05-18 06:10:18 Z
4,3,Book Devourer,Guilds of Ravnica,GRN,93,Near Mint,English,,,,,,,,,2021-05-18 06:10:18 Z
3,2,Book Devourer,Guilds of Ravnica,GRN,93,Near Mint,German,,,,,,,,,2021-05-18 06:10:18 Z
3,2,Sentinel Spider,Commander Legends,CMR,253,Near Mint,English,,,,,,,,,2021-05-18 06:10:18 Z
1,0,"Anya, Merciless Angel",Commander Anthology Volume II,CM2,8,Near Mint,English,foil,,,,,,,,2024-09-04 07:19:27 Z
7,6,Swashbuckling,Ixalan,XLN,167,Near Mint,English,,,,,,,,,2021-05-18 06:10:18 Z
1,0,Swashbuckling,Ixalan,XLN,167,Near Mint,English,,,proof,,,,,,2021-05-18 06:10:18 Z
6,5,Blood Burglar,Core Set 2020,M20,88,Near Mint,English,,,,,,,,,2021-05-18 06:10:18 Z
4,3,Blood Burglar,Core Set 2020,M20,88,Near Mint,German,,,,,,,,,2021-05-18 06:10:18 Z
1,0,Sergeant John Benton,Doctor Who,WHO,157,Near Mint,English,,,,,,,,,2023-11-14 17:21:24 Z
1,0,Svyelun of Sea and Sky,Lost Caverns of Ixalan Commander,LCC,175,Near Mint,English,,,,,,,,,2024-04-21 12:05:56 Z
1,0,Whirlpool Warrior,Apocalypse,APC,36,Near Mint,English,,,proof,,,,,,2024-04-05 09:20:09 Z
1,0,Opulent Palace,Commander Anthology Volume II,CM2,260,Near Mint,English,,,,,,,,,2021-05-18 06:10:18 Z
1,0,Seize the Spotlight,Outlaws of Thunder Junction Commander,OTC,179,Near Mint,English,,,,,,,,,2024-05-11 10:48:45 Z
1,0,Spell Swindle,March of the Machine Commander,MOC,237,Near Mint,English,,,,,,,,,2023-05-28 12:31:13 Z
2,1,Temple of Abandon,March of the Machine Commander,MOC,430,Near Mint,English,,,,,,,,,2023-05-28 12:31:13 Z
1,0,Mortify,"Warhammer 40,000",40K,225,Near Mint,English,,,,,,,,,2022-10-26 06:17:06 Z
1,0,Asylum Visitor,Innistrad Remastered,INR,96,Near Mint,English,,,,,,,,,2025-03-04 00:00:00 Z
1,0,Prophet of the Scarab,Aetherdrift Commander,DRC,9,Near Mint,English,,,,,,,,,2025-02-26 08:31:18 Z
1,0,Champion of Lambholt,Innistrad: Midnight Hunt Commander,MIC,136,Near Mint,English,,,,,,,,,2021-11-04 07:05:05 Z
1,0,Field of Souls,Innistrad: Crimson Vow Commander,VOC,86,Near Mint,English,,,,,,,,,2021-12-03 19:22:24 Z
1,0,Ugin's Labyrinth,Modern Horizons 3,MH3,233,Near Mint,English,,,,,,,,,2024-06-29 09:00:36 Z
1,0,Inexorable Blob,Shadows over Innistrad,SOI,212,Near Mint,English,,,,,,,,,2021-05-18 06:10:18 Z
1,0,Raugrin Triome,Ikoria: Lair of Behemoths,IKO,251,Near Mint,English,,,,,,,,,2021-05-18 06:10:18 Z
1,0,Stockpiling Celebrant,Wilds of Eldraine,WOE,32,Near Mint,German,,,,,,,,,2023-09-05 05:30:45 Z
1,0,Tectonic Edge,Modern Horizons 3 Commander,M3C,384,Near Mint,English,,,,,,,,,2024-06-21 15:14:47 Z
1,0,Reito Sentinel,Kamigawa: Neon Dynasty,NEO,256,Near Mint,English,,,,,,,,,2022-03-25 17:18:48 Z
3,2,Eternal Isolation,Core Set 2020,M20,15,Near Mint,English,,,,,,,,,2021-05-18 06:10:18 Z
2,1,Eternal Isolation,Core Set 2020,M20,15,Near Mint,German,,,,,,,,,2021-05-18 06:10:18 Z
1,0,Phantasmal Forces,Fifth Edition,5ED,106,Near Mint,German,,,,,,,,,2021-05-18 06:10:18 Z
2,1,Woodland Champion,Double Masters,2XM,188,Near Mint,English,,,,,,,,,2021-05-18 06:10:18 Z
3,2,Star of Extinction,Ixalan,XLN,161,Near Mint,English,,,,,,,,,2021-05-18 06:10:18 Z
1,0,Star of Extinction,Ixalan,XLN,161,Near Mint,English,foil,,,,,,,,2021-05-18 06:10:18 Z
1,0,Swamp,Bloomburrow,BLB,272,Near Mint,English,,,,,,,,,2024-08-01 20:37:58 Z
1,0,Mountain,Bloomburrow,BLB,275,Near Mint,English,foil,,,,,,,,2024-08-01 20:37:58 Z
1,0,Cankerbloom,Phyrexia: All Will Be One,ONE,294,Near Mint,English,,,,,,,,,2023-05-07 14:07:05 Z
1,0,Nemesis of Reason,Commander Legends: Battle for Baldur's Gate,CLB,850,Near Mint,English,,,,,,,,,2022-08-02 16:53:55 Z
3,2,Dimir Informant,Guilds of Ravnica,GRN,36,Near Mint,English,,,,,,,,,2021-05-18 06:10:18 Z
6,5,Dimir Informant,Guilds of Ravnica,GRN,36,Near Mint,German,,,,,,,,,2021-05-18 06:10:18 Z
4,3,Bedlam Reveler,Eldritch Moon,EMN,118,Near Mint,English,,,,,,,,,2021-05-18 06:10:18 Z
1,0,Diregraf Colossus,Innistrad: Midnight Hunt Commander,MIC,112,Near Mint,English,,,,,,,,,2021-11-04 07:05:05 Z
8,7,Ranger's Guile,Core Set 2021,M21,199,Near Mint,English,,,,,,,,,2021-05-18 06:10:18 Z
1,0,Ranger's Guile,Core Set 2021,M21,199,Good (Lightly Played),English,,,,,,,,,2024-05-03 18:58:43 Z
2,1,Ranger's Guile,Core Set 2021,M21,199,Near Mint,German,,,,,,,,,2021-05-18 06:10:18 Z
1,0,Rot Farm Mortipede,Murders at Karlov Manor,MKM,102,Near Mint,German,,,,,,,,,2024-02-08 12:16:30 Z
5,4,Plains,Dominaria,DOM,250,Near Mint,English,,,,,,,,,2021-05-18 06:10:18 Z
1,0,Plains,Dominaria,DOM,250,Near Mint,German,,,,,,,,,2021-05-18 06:10:18 Z
1,0,Shape the Sands,Dragons of Tarkir,DTK,205,Near Mint,English,,,proof,,,,,,2021-05-18 06:10:18 Z
1,0,Marshland Bloodcaster,Commander 2021,C21,43,Near Mint,English,,,,,,,,,2021-05-18 06:10:18 Z
1,0,Body Count,Streets of New Capenna Commander,NCC,34,Near Mint,English,,,,,,,,,2023-03-25 18:52:32 Z
4,3,Gifts Ungiven,Signature Spellbook: Jace,SS1,5,Near Mint,English,,,,,,,,,2021-05-18 06:10:18 Z
1,0,Gifts Ungiven,Signature Spellbook: Jace,SS1,5,Near Mint,English,foil,,,,,,,,2021-05-18 06:10:18 Z
1,0,Abrupt Decay,Guilds of Ravnica Guild Kit,GK1,57,Near Mint,German,,,,,,,,,2021-05-18 06:10:18 Z
4,3,Ravenous Chupacabra,Rivals of Ixalan,RIX,82,Near Mint,English,,,,,,,,,2021-05-18 06:10:18 Z
9,8,Locthwain Gargoyle,Throne of Eldraine,ELD,225,Near Mint,English,,,,,,,,,2021-05-18 06:10:18 Z
5,4,Locthwain Gargoyle,Throne of Eldraine,ELD,225,Near Mint,German,,,,,,,,,2021-05-18 06:10:18 Z
1,0,Goblin Oriflamme,Foundations,FDN,539,Near Mint,English,,,,,,,,,2025-01-05 13:37:28 Z
1,0,Gloomfang Mauler,March of the Machine,MOM,108,Near Mint,German,,,,,,,,,2024-02-09 19:31:25 Z
1,0,Gloomfang Mauler,March of the Machine,MOM,108,Near Mint,English,foil,,,,,,,,2024-02-09 19:31:25 Z
3,2,Ornithopter of Paradise,Modern Horizons 2,MH2,232,Near Mint,English,,,,,,,,,2021-07-01 08:55:47 Z
10,9,Ooze,Extras: Ravnica Allegiance Tokens,TRNA,7,Near Mint,English,,,,,,,,,2021-10-20 10:48:01 Z
6,5,Ooze,Extras: Ravnica Allegiance Tokens,TRNA,7,Near Mint,German,,,,,,,,,2021-05-18 06:10:18 Z
1,0,"Hashaton, Scarab's Fist",Aetherdrift Commander,DRC,1,Near Mint,English,foil,,,,,,,,2025-02-26 08:31:18 Z
1,0,The Flux,Doctor Who,WHO,86,Near Mint,English,,,,,,,,,2023-11-14 17:21:24 Z
1,0,Urza's Blueprints,Urza's Legacy,ULG,137,Played,English,,,,,,,,,2021-05-18 06:10:18 Z
1,0,Urza's Blueprints,Urza's Legacy,ULG,137,Played,German,,,,,,,,,2021-05-18 06:10:18 Z
1,0,First Response,Commander Legends,CMR,22,Near Mint,English,,,,,,,,,2021-05-18 06:10:18 Z
1,0,Elite Scaleguard,Commander Anthology Volume II,CM2,27,Near Mint,English,,,,,,,,,2021-05-18 06:10:18 Z
2,1,Bird Maiden,Fifth Edition,5ED,211,Good (Lightly Played),German,,,,,,,,,2021-05-18 06:10:18 Z
3,2,Whir of Invention,Aether Revolt,AER,49,Good (Lightly Played),German,,,,,,,,,2021-05-18 06:10:18 Z
1,0,Dazzling Angel,Foundations,FDN,9,Near Mint,English,,,,,,,,,2025-01-05 12:58:45 Z
3,2,Oracle's Vault,Amonkhet Promos,PAKH,234,Near Mint,German,foil,,,,,,,,2021-05-18 06:10:18 Z
4,3,Dungeon Map,Adventures in the Forgotten Realms,AFR,242,Near Mint,English,,,,,,,,,2021-08-29 13:11:52 Z
1,0,Chorus of Woe,Portal Second Age,P02,65,Played,German,,,,,,,,,2021-05-18 06:10:18 Z
1,0,Island,Guilds of Ravnica Weekend,PRWK,A03,Near Mint,English,foil,,,,,,,,2021-05-18 06:10:18 Z
1,0,Quandrix Apprentice,Strixhaven: School of Mages,STX,216,Near Mint,Japanese,,,,,,,,,2024-04-05 09:21:46 Z
5,4,Shaper Apprentice,Ixalan,XLN,75,Near Mint,English,,,,,,,,,2021-05-18 06:10:18 Z
1,0,Shaper Apprentice,Ixalan,XLN,75,Near Mint,German,,,,,,,,,2021-05-18 06:10:18 Z
7,6,Radiant Fountain,Core Set 2021,M21,248,Near Mint,English,,,,,,,,,2024-06-28 18:41:48 Z
2,1,Radiant Fountain,Core Set 2021,M21,248,Near Mint,German,,,,,,,,,2021-05-18 06:10:18 Z
1,0,Radiant Fountain,Core Set 2021,M21,248,Near Mint,English,foil,,,,,,,,2021-05-18 06:10:18 Z
1,0,Temple of Enlightenment,The Brothers' War Commander,BRC,206,Near Mint,English,,,,,,,,,2023-01-01 14:56:52 Z
1,0,Search for Tomorrow,Commander Legends,CMR,436,Near Mint,English,,,,,,,,,2021-05-18 06:10:18 Z
1,0,White Sun's Zenith,Commander Legends,CMR,391,Near Mint,English,,,,,,,,,2021-05-18 06:10:18 Z
1,0,Feed the Swarm,The Lord of the Rings: Tales of Middle-earth Commander,LTC,200,Near Mint,English,,,,,,,,,2023-07-20 08:41:51 Z
1,0,Sylvan Reclamation,Commander Anthology Volume II,CM2,167,Near Mint,English,,,,,,,,,2021-05-18 06:10:18 Z
1,0,Mind Stone,Adventures in the Forgotten Realms Commander,AFC,211,Near Mint,English,,,,,,,,,2021-08-29 14:03:33 Z
1,0,Prismatic Geoscope,Commander 2016,C16,55,Near Mint,English,,,,,,,,,2021-05-18 06:10:18 Z
1,0,Cackling Counterpart,Modern Masters 2017 Edition,MM3,32,Near Mint,English,,,,,,,,,2021-05-18 06:10:18 Z
1,0,The Mightstone and Weakstone,The Brothers' War,BRO,238a,Near Mint,English,,,,,,,,,2023-01-27 11:45:04 Z
1,0,Crystalline Crawler,Commander Anthology Volume II,CM2,183,Near Mint,English,,,,,,,,,2021-05-18 06:10:18 Z
1,0,Conqueror's Galleon // Conqueror's Foothold,Ixalan,XLN,234,Near Mint,English,,,,,,,,,2021-05-18 06:10:18 Z
3,2,Mission Briefing,Guilds of Ravnica,GRN,44,Near Mint,English,,,,,,,,,2021-05-18 06:10:18 Z
1,0,Mission Briefing,Guilds of Ravnica,GRN,44,Near Mint,German,,,,,,,,,2021-05-18 06:10:18 Z
1,0,Mission Briefing,Guilds of Ravnica,GRN,44,Near Mint,German,,,,,,,,,2025-02-27 15:39:04 Z
1,0,Forgotten Cave,"Warhammer 40,000",40K,280,Near Mint,English,,,,,,,,,2022-10-26 06:13:53 Z
9,8,New Horizons,War of the Spark Japanese Alternate Art,WAR,168,Near Mint,English,,,,,,,,,2021-05-18 06:10:18 Z
6,5,New Horizons,War of the Spark Japanese Alternate Art,WAR,168,Near Mint,German,,,,,,,,,2021-05-18 06:10:18 Z
1,0,Barrel Down Sokenzan,Saviors of Kamigawa,SOK,94,Good (Lightly Played),English,,,,,,,,,2024-06-14 18:26:54 Z
1,0,Selesnya Sanctuary,Commander 2016,C16,324,Near Mint,English,,,,,,,,,2021-05-18 06:10:18 Z
3,2,Scrounging Bandar,Commander Legends,CMR,252,Near Mint,English,,,,,,,,,2021-05-18 06:10:18 Z
2,1,Wakeroot Elemental,Core Set 2020,M20,202,Near Mint,English,,,,,,,,,2021-05-18 06:10:18 Z
1,0,Wakeroot Elemental,Core Set 2020,M20,202,Near Mint,German,,,,,,,,,2021-05-18 06:10:18 Z
1,0,Wakeroot Elemental,Core Set 2020,M20,202,Near Mint,German,,,,,,promo,,,2021-05-18 06:10:18 Z
4,3,Swamp,Theros Beyond Death,THB,252,Near Mint,German,,,,,,,,,2021-05-18 06:10:18 Z
1,0,Swamp,Theros Beyond Death,THB,252,Near Mint,English,foil,,,,,,,,2021-05-18 06:10:18 Z
1,0,Admiral Beckett Brass,Lost Caverns of Ixalan Commander,LCC,264,Near Mint,English,,,,,,,,,2024-04-21 12:05:56 Z
1,0,"Halsin, Emerald Archdruid",Commander Legends: Battle for Baldur's Gate,CLB,408,Near Mint,English,,,,,,,,,2022-08-06 10:39:37 Z
1,0,Oltec Cloud Guard,The Lost Caverns of Ixalan,LCI,28,Near Mint,English,,,,,,,,,2024-01-06 11:11:50 Z
1,0,Oltec Cloud Guard,The Lost Caverns of Ixalan,LCI,28,Near Mint,German,,,,,,,,,2024-01-27 17:59:32 Z
4,3,"Jace, Vryn's Prodigy // Jace, Telepath Unbound",Magic Origins,ORI,60,Near Mint,English,,,,,,,,,2021-05-18 06:10:18 Z
1,0,Fearless Fledgling,Zendikar Rising,ZNR,15,Near Mint,English,,,,,,,,,2021-05-18 06:10:18 Z
1,0,Smoldering Marsh,Adventures in the Forgotten Realms Commander,AFC,262,Near Mint,English,,,,,,,,,2021-08-29 14:03:33 Z
3,2,Counterspell,Dominaria Remastered,DMR,45,Near Mint,English,,,,,,,,,2023-03-12 08:02:28 Z
1,0,Return to Dust,March of the Machine Commander,MOC,202,Near Mint,English,,,,,,,,,2023-05-28 12:31:13 Z
5,4,Swamp,Dominaria,DOM,260,Near Mint,English,,,,,,,,,2021-05-18 06:10:18 Z
1,0,Swamp,Dominaria,DOM,260,Near Mint,German,foil,,,,,,,,2021-05-18 06:10:18 Z
1,0,"Urborg, Tomb of Yawgmoth",Ultimate Masters,UMA,254,Near Mint,English,,,,,,,,,2021-05-18 06:10:18 Z
2,1,Assembled Ensemble,Unfinity,UNF,3,Near Mint,English,,,,,,,,,2023-11-24 17:15:51 Z
1,0,Saheeli's Artistry,Commander 2018,C18,100,Near Mint,German,,,,,,,,,2021-05-18 06:10:18 Z
4,3,Grabby Tabby,Unfinity,UNF,140,Near Mint,English,,,,,,,,,2023-11-22 19:36:44 Z
5,4,Wolf Strike,Innistrad: Crimson Vow,VOW,228,Near Mint,English,,,,,,,,,2022-01-09 10:36:40 Z
6,5,Tuktuk Rubblefort,Zendikar Rising,ZNR,173,Near Mint,English,,,,,,,,,2021-05-18 06:10:18 Z
1,0,Tuktuk Rubblefort,Zendikar Rising,ZNR,173,Near Mint,German,,,,,,,,,2021-05-18 06:10:18 Z
1,0,Tuktuk Rubblefort,Zendikar Rising,ZNR,173,Near Mint,English,foil,,,,,,,,2021-05-18 06:10:18 Z
1,0,"Lulu, Loyal Hollyphant",Commander Legends: Battle for Baldur's Gate,CLB,379,Near Mint,English,,,,,,,,,2022-08-14 07:05:37 Z
1,0,Court of Grace,Commander Legends,CMR,16,Near Mint,English,,,,,,,,,2021-05-18 06:10:18 Z
4,3,Icehide Troll,Kaldheim,KHM,176,Near Mint,English,,,,,,,,,2021-05-18 06:10:18 Z
1,0,"Evra, Halcyon Witness",Dominaria,DOM,16,Near Mint,English,,,,,,,,,2021-05-18 06:10:18 Z
1,0,"Evra, Halcyon Witness",Dominaria,DOM,16,Near Mint,English,,,proof,,,,,,2021-05-18 06:10:18 Z
1,0,Hunted Horror,Commander Legends: Battle for Baldur's Gate,CLB,758,Near Mint,English,,,,,,,,,2022-08-02 16:53:55 Z
3,2,Detection Tower,Core Set 2019,M19,249,Near Mint,English,,,,,,,,,2021-05-18 06:10:18 Z
2,1,Hall Monitor,Strixhaven: School of Mages,STX,105,Near Mint,English,,,,,,,,,2021-05-21 19:19:40 Z
1,0,Four Knocks,Doctor Who,WHO,20,Near Mint,English,,,,,,,,,2023-11-14 17:21:24 Z
2,1,Shineshadow Snarl,March of the Machine Commander,MOC,422,Near Mint,English,,,,,,,,,2023-05-28 12:31:13 Z
1,0,Celestial Armor,Foundations,FDN,295,Near Mint,English,,,,,,,,,2025-02-18 19:21:04 Z
1,0,Swamp,Dominaria United,DMU,270,Near Mint,English,,,,,,,,,2023-07-07 06:50:36 Z
1,0,Swamp,Dominaria United,DMU,270,Near Mint,English,foil,,,,,,,,2023-07-07 06:50:36 Z
8,7,Pharika's Libation,Theros Beyond Death,THB,111,Near Mint,German,,,,,,,,,2021-05-18 06:10:18 Z
1,0,Phantom Monster,Introductory Two-Player Set,ITP,11,Good (Lightly Played),German,,,,,,,,,2024-10-23 07:56:00 Z
1,0,Oracle's Vault,Streets of New Capenna Commander,NCC,374,Near Mint,English,,,,,,,,,2023-03-25 19:15:51 Z
5,4,Erratic Visionary,War of the Spark Japanese Alternate Art,WAR,48,Near Mint,English,,,,,,,,,2021-05-18 06:10:18 Z
9,8,Erratic Visionary,War of the Spark Japanese Alternate Art,WAR,48,Near Mint,German,,,,,,,,,2021-05-18 06:10:18 Z
3,2,Erratic Visionary,War of the Spark Japanese Alternate Art,WAR,48,Near Mint,Japanese,,,,,,,,,2021-05-18 06:10:18 Z
3,2,Plains,Bloomburrow,BLB,370,Near Mint,English,,,,,,,,,2024-10-13 20:24:34 Z
1,0,Plains,Bloomburrow,BLB,370,Near Mint,English,foil,,,,,,,,2024-08-01 20:37:58 Z
3,2,Panicked Bystander // Cackling Culprit,Innistrad: Crimson Vow,VOW,28,Near Mint,English,,,,,,,,,2022-01-11 10:19:51 Z
3,2,Hulking Devil,Shadows over Innistrad,SOI,165,Near Mint,English,,,,,,,,,2021-05-18 06:10:18 Z
2,1,Grisly Salvage,Friday Night Magic 2013,F13,11,Near Mint,English,foil,,,,,,,,2021-05-18 06:10:18 Z
3,2,Glimmer Bairn,Modern Horizons 2,MH2,163,Near Mint,English,,,,,,,,,2021-06-29 12:34:48 Z
1,0,Shatter the Source,March of the Machine,MOM,164,Near Mint,English,,,,,,,,,2023-05-24 06:16:59 Z
1,0,Blink,Doctor Who,WHO,116,Near Mint,English,,,,,,,,,2023-11-14 17:21:24 Z
1,0,Sword of Vengeance,Commander Legends,CMR,475,Near Mint,English,,,,,,,,,2021-05-18 06:10:18 Z
2,1,Executioner's Capsule,Double Masters,2XM,92,Near Mint,English,,,,,,,,,2021-05-18 06:10:18 Z
1,0,Executioner's Capsule,Double Masters,2XM,92,Near Mint,English,foil,,,,,,,,2021-05-18 06:10:18 Z
1,0,Power Depot,Modern Horizons 2,MH2,251,Near Mint,English,,,,,,,,,2021-06-23 06:07:51 Z
7,6,Legion's Judgment,Core Set 2021,M21,24,Near Mint,English,,,,,,,,,2021-05-18 06:10:18 Z
4,3,Legion's Judgment,Core Set 2021,M21,24,Near Mint,German,,,,,,,,,2021-05-18 06:10:18 Z
7,6,Mountain,Commander Legends: Battle for Baldur's Gate,CLB,465,Near Mint,English,,,,,,,,,2022-09-10 14:58:32 Z
1,0,Mountain,Commander Legends: Battle for Baldur's Gate,CLB,465,Near Mint,English,foil,,,,,,,,2022-09-10 14:58:32 Z
1,0,Resilient Khenra,Hour of Devastation,HOU,131,Near Mint,English,,,,,,,,,2021-05-18 06:10:18 Z
1,0,Miscast,Core Set 2021,M21,57,Near Mint,English,,,,,,,,,2021-05-18 06:10:18 Z
5,4,Miscast,Core Set 2021,M21,57,Near Mint,German,,,,,,,,,2021-05-18 06:10:18 Z
1,0,Spine of Ish Sah,Bloomburrow Commander,BLC,285,Near Mint,English,,,,,,,,,2024-08-05 18:55:11 Z
1,0,Naya Charm,Commander 2019,C19,195,Near Mint,English,,,,,,,,,2021-05-18 06:10:18 Z
1,0,Ancient Ziggurat,Conflux,CON,141,Near Mint,English,,,proof,,,,,,2021-05-18 06:10:18 Z
1,0,"Subira, Tulzidi Caravanner",Core Set 2021,M21,162,Near Mint,English,,,,,,,,,2021-05-18 06:10:18 Z
1,0,"Subira, Tulzidi Caravanner",Core Set 2021,M21,162,Near Mint,German,,,,,,,,,2021-05-18 06:10:18 Z
1,0,"Subira, Tulzidi Caravanner",Core Set 2021,M21,162,Near Mint,German,,,,,,promo,,,2021-05-18 06:10:18 Z
1,0,Double-Faced Substitute Card,Extras: Kaldheim Substitute Cards,SKHM,8,Near Mint,English,,,,,,,,,2021-11-25 06:42:53 Z
1,0,C.A.M.P.,Fallout,PIP,129,Near Mint,English,,,,,,,,,2024-03-25 20:41:51 Z
3,2,Primal Empathy,Ikoria: Lair of Behemoths,IKO,200,Near Mint,English,,,,,,,,,2021-05-18 06:10:18 Z
2,1,Primal Empathy,Ikoria: Lair of Behemoths,IKO,200,Near Mint,German,,,,,,,,,2021-05-18 06:10:18 Z
3,2,Bamboozling Beeble,Unfinity,UNF,37,Near Mint,English,,,,,,,,,2023-11-23 19:08:31 Z
1,0,Map,Extras: The Big Score Tokens,TBIG,7,Near Mint,German,,,,,,,,,2024-04-19 18:50:06 Z
1,0,Status // Statue,Ravnica: Clue Edition,CLU,210,Near Mint,English,,,,,,,,,2024-07-08 11:13:19 Z
4,3,"Ral, Izzet Viceroy Emblem",Extras: Guilds of Ravnica Tokens,TGRN,7,Near Mint,English,,,,,,,,,2021-05-18 06:10:18 Z
1,0,Brainstorm,Commander 2021,C21,115,Near Mint,English,,,,,,,,,2021-05-18 06:10:18 Z
4,3,Tome Anima,Core Set 2021,M21,81,Near Mint,English,,,,,,,,,2021-05-18 06:10:18 Z
4,3,Tome Anima,Core Set 2021,M21,81,Near Mint,German,,,,,,,,,2021-05-18 06:10:18 Z
1,0,Feldon of the Third Path,March of the Machine Commander,MOC,277,Near Mint,English,,,,,,,,,2023-05-28 12:31:13 Z
1,0,Blood Artist,Innistrad Remastered,INR,97,Near Mint,English,,,,,,,,,2025-03-06 00:00:00 Z
1,0,Skulduggery,Outlaws of Thunder Junction,OTJ,107,Near Mint,English,,,,,,,,,2024-04-24 05:12:53 Z
1,0,Skulduggery,Outlaws of Thunder Junction,OTJ,107,Near Mint,German,,,,,,,,,2024-04-19 19:10:30 Z
1,0,Masked Bandits,Streets of New Capenna,SNC,201,Near Mint,English,,,,,,,,,2022-05-11 07:27:18 Z
2,1,Yavimaya Coast,Modern Horizons 3 Commander,M3C,410,Near Mint,English,,,,,,,,,2024-06-21 15:14:47 Z
1,0,Archetype of Imagination,Commander 2018,C18,81,Near Mint,English,,,proof,,,,,,2021-05-18 06:10:18 Z
1,0,Archetype of Imagination,Commander 2018,C18,81,Near Mint,German,,,,,,,,,2021-05-18 06:10:18 Z
1,0,Clockwork Drawbridge,Dominaria United,DMU,13,Near Mint,English,,,,,,,,,2023-01-29 09:14:52 Z
1,0,Mind Sculpt,Magic 2015 Core Set,M15,70,Near Mint,English,,,proof,,,,,,2021-05-18 06:10:18 Z
1,0,Atraxi Warden,Doctor Who,WHO,12,Near Mint,English,,,,,,,,,2023-11-14 17:21:24 Z
2,1,Morbid Curiosity,Battlebond,BBD,149,Near Mint,English,,,,,,,,,2022-03-12 17:33:50 Z
4,3,Coralhelm Guide,Battlebond,BBD,116,Near Mint,English,,,,,,,,,2022-03-22 09:18:30 Z
1,0,Eternal of Harsh Truths,Hour of Devastation,HOU,34,Near Mint,English,,,,,,,,,2024-05-17 19:47:44 Z
1,0,Sigil of the Empty Throne,Planechase Anthology,PCA,11,Near Mint,English,,,,,,,,,2021-05-18 06:10:18 Z
5,4,Underworld Dreams,Theros Beyond Death,THB,121,Near Mint,German,,,,,,,,,2021-05-18 06:10:18 Z
2,1,Port Town,Streets of New Capenna Commander,NCC,420,Near Mint,English,,,,,,,,,2023-03-25 19:21:37 Z
3,2,Mirrorshell Crab,Kamigawa: Neon Dynasty,NEO,63,Near Mint,English,,,,,,,,,2022-04-02 17:58:15 Z
1,0,Soldier,Extras: Ultimate Masters Tokens,TUMA,11,Near Mint,English,,,,,,,,,2021-05-18 06:10:18 Z
1,0,"Kelsien, the Plague",Commander 2020,C20,11,Near Mint,English,foil,,,,,,,,2021-05-18 06:10:18 Z
1,0,The Underworld Cookbook,Modern Horizons 2,MH2,240,Near Mint,English,,,,,,,,,2021-06-26 05:57:14 Z
1,0,Vedalken Humiliator,Commander 2018,C18,13,Near Mint,German,,,,,,,,,2021-05-18 06:10:18 Z
1,0,Vendetta,Rise of the Eldrazi,ROE,130,Good (Lightly Played),English,,,,,,,,,2024-06-14 17:48:16 Z
6,5,Wall of Lost Thoughts,Ravnica Allegiance,RNA,59,Near Mint,English,,,,,,,,,2021-05-18 06:10:18 Z
1,0,Wall of Lost Thoughts,Ravnica Allegiance,RNA,59,Near Mint,German,,,,,,,,,2021-05-18 06:10:18 Z
1,0,The Golden City of Orazca,March of the Machine Commander,MOC,52,Near Mint,English,,,,,,,,,2023-05-28 12:31:13 Z
2,1,Flood of Recollection,Rivals of Ixalan,RIX,38,Near Mint,English,,,,,,,,,2021-05-18 06:10:18 Z
2,1,Covetous Castaway // Ghostly Castigator,Innistrad: Midnight Hunt,MID,45,Near Mint,English,,,,,,,,,2021-10-27 07:16:12 Z
1,0,Spectral Sailor,Foundations,FDN,164,Near Mint,English,,,,,,,,,2025-01-05 13:04:48 Z
1,0,Dragonlord's Servant,Adventures in the Forgotten Realms Commander,AFC,123,Near Mint,English,,,,,,,,,2021-08-29 14:03:33 Z
1,0,"Nardole, Resourceful Cyborg",Doctor Who,WHO,50,Near Mint,English,,,,,,,,,2023-11-14 17:21:24 Z
1,0,Crossway Troublemakers,Foundations,FDN,518,Near Mint,English,,,,,,,,,2025-01-05 13:20:13 Z
1,0,"Gonti, Canny Acquisitor",Outlaws of Thunder Junction Commander,OTC,1,Near Mint,English,foil,,,,,,,,2024-05-11 10:48:45 Z
1,0,Vault of the Archangel,Lost Caverns of Ixalan Commander,LCC,367,Near Mint,English,,,,,,,,,2024-09-24 18:51:40 Z
2,1,Magnetic Flux,Darksteel,DST,25,Good (Lightly Played),English,,,,,,,,,2024-02-23 19:38:14 Z
2,1,Ioreth of the Healing House,The Lord of the Rings: Tales of Middle-earth,LTR,56,Near Mint,English,,,,,,,,,2024-11-29 21:06:24 Z
1,0,Cloud of Faeries,March of the Machine Commander,MOC,219,Near Mint,English,,,,,,,,,2023-05-28 12:31:13 Z
1,0,Corrupted Crossroads,Modern Horizons 3 Commander,M3C,332,Near Mint,English,,,,,,,,,2024-06-21 15:14:47 Z
1,0,Primeval Bounty,Commander Legends: Battle for Baldur's Gate,CLB,830,Near Mint,English,,,,,,,,,2022-08-02 16:53:55 Z
1,0,Thopter Engineer,Commander 2021,C21,181,Near Mint,English,,,,,,,,,2021-05-18 06:10:18 Z
1,0,Steampath Charger,Bloomburrow,BLB,153,Near Mint,English,,,,,,,,,2024-08-09 07:31:10 Z
1,0,Steampath Charger,Bloomburrow,BLB,153,Near Mint,English,foil,,,,,,,,2024-08-09 07:31:10 Z
1,0,Ichor Wellspring,Commander Anthology Volume II,CM2,193,Near Mint,English,,,,,,,,,2021-05-18 06:10:18 Z
13,12,Bird Illusion,Extras: Guilds of Ravnica Tokens,TGRN,3,Near Mint,English,,,,,,,,,2021-05-18 06:10:18 Z
12,11,Bird Illusion,Extras: Guilds of Ravnica Tokens,TGRN,3,Near Mint,German,,,,,,,,,2021-05-18 06:10:18 Z
1,0,"Lazav, Dimir Mastermind",Guilds of Ravnica Guild Kit,GK1,16,Near Mint,German,,,,,,,,,2021-05-18 06:10:18 Z
1,0,Boros Signet,Bloomburrow Commander,BLC,128,Near Mint,English,,,,,,,,,2024-08-05 18:55:11 Z
1,0,Topiary Panther,Murders at Karlov Manor,MKM,179,Near Mint,English,,,,,,,,,2024-02-16 20:35:42 Z
1,0,Topiary Panther,Murders at Karlov Manor,MKM,179,Near Mint,German,,,,,,,,,2024-02-08 10:28:38 Z
1,0,Topiary Panther,Murders at Karlov Manor,MKM,179,Near Mint,German,foil,,,,,,,,2024-02-08 10:28:38 Z
1,0,Sanitarium Skeleton,Commander 2019,C19,127,Near Mint,English,,,,,,,,,2021-05-18 06:10:18 Z
1,0,Cryptic Caves,Kaldheim Commander,KHC,109,Near Mint,English,,,,,,,,,2021-05-25 07:14:07 Z
1,0,Avenger of Zendikar,Commander Legends,CMR,422,Near Mint,English,,,,,,,,,2021-05-18 06:10:18 Z
1,0,Firja's Retribution,Kaldheim,KHM,210,Near Mint,English,,,,,,,,,2021-05-18 06:10:18 Z
1,0,Bushwhack,Foundations,FDN,215,Near Mint,English,,,,,,,,,2025-03-07 00:00:00 Z
1,0,Elvish Rejuvenator,Outlaws of Thunder Junction Commander,OTC,191,Near Mint,English,,,,,,,,,2024-05-11 10:48:45 Z
2,1,Djeru's Renunciation,Hour of Devastation,HOU,11,Near Mint,English,,,,,,,,,2021-05-18 06:10:18 Z
1,0,Djeru's Renunciation,Hour of Devastation,HOU,11,Near Mint,English,,,proof,,,,,,2021-05-18 06:10:18 Z
1,0,"Syr Konrad, the Grim",March of the Machine Commander,MOC,269,Near Mint,English,,,,,,,,,2023-05-28 12:31:13 Z
1,0,Wall of Blossoms,Planechase Anthology,PCA,81,Near Mint,English,,,,,,,,,2021-05-18 06:10:18 Z
1,0,Snake Umbra,Planechase Anthology,PCA,78,Near Mint,English,,,,,,,,,2021-05-18 06:10:18 Z
1,0,"Tegwyll, Duke of Splendor",Wilds of Eldraine Commander,WOC,1,Near Mint,English,foil,,,,,,,,2023-11-02 16:23:17 Z
1,0,Groundswell,Jumpstart 2022,J22,669,Near Mint,English,,,,,,,,,2024-08-29 16:09:27 Z
4,3,Junktroller,Ravnica Allegiance,RNA,235,Near Mint,English,,,,,,,,,2021-05-18 06:10:18 Z
2,1,Junktroller,Ravnica Allegiance,RNA,235,Near Mint,German,,,,,,,,,2021-05-18 06:10:18 Z
1,0,Tome of Legends,Throne of Eldraine,ELD,332,Near Mint,English,,,,,,,,,2021-05-18 06:10:18 Z
4,3,Swab Goblin,Rivals of Ixalan,RIX,203,Near Mint,English,,,,,,,,,2021-05-18 06:10:18 Z
1,0,Ferrous Lake,Fallout,PIP,148,Near Mint,English,,,,,,,,,2024-03-25 20:41:51 Z
2,1,"Ich-Tekik, Salvage Splicer",Commander Legends,CMR,233,Near Mint,English,,,,,,,,,2021-05-18 06:10:18 Z
1,0,Swamp,Aetherdrift,DFT,283,Near Mint,German,,,,,,,,,2025-03-03 00:00:00 Z
1,0,Swamp,Aetherdrift,DFT,283,Near Mint,German,foil,,,,,,,,2025-03-03 00:00:00 Z
4,3,Island,Fallout,PIP,320,Near Mint,English,,,,,,,,,2024-03-25 20:41:51 Z
1,0,Stoke the Flames,March of the Machine,MOM,166,Near Mint,English,,,,,,,,,2023-05-24 06:16:16 Z
7,6,Martyr of Dusk,Rivals of Ixalan,RIX,14,Near Mint,English,,,,,,,,,2021-05-18 06:10:18 Z
1,0,Martyr of Dusk,Rivals of Ixalan,RIX,14,Near Mint,German,,,,,,,,,2021-05-18 06:10:18 Z
1,0,Warden of the Eye,Khans of Tarkir,KTK,212,Near Mint,English,,,,,,,,,2021-05-18 06:10:18 Z
1,0,Urge to Feed,Innistrad: Crimson Vow Commander,VOC,139,Near Mint,English,,,,,,,,,2021-12-03 19:22:24 Z
1,0,Boltbender,Murders at Karlov Manor Commander,MKC,340,Near Mint,English,,,,,,,,,2024-03-24 11:08:14 Z
3,2,Narnam Renegade,Aether Revolt,AER,117,Near Mint,English,,,,,,,,,2021-05-18 06:10:18 Z
1,0,Arcane Signet,Aetherdrift Commander,DRC,52,Near Mint,English,,,,,,,,,2025-02-26 08:31:18 Z
1,0,Plains,Amonkhet,AKH,255,Near Mint,English,,,,,,,,,2021-05-18 06:10:18 Z
1,0,Mountain,Foundations,FDN,289,Near Mint,English,,,,,,,,,2025-03-07 00:00:00 Z
1,0,Transcendent Envoy,Wilds of Eldraine Commander,WOC,81,Near Mint,English,,,,,,,,,2023-11-02 16:23:17 Z
1,0,Winged Shepherd,Amonkhet,AKH,39,Near Mint,English,,,proof,,,,,,2021-05-18 06:10:18 Z
2,1,Neutralize,Ikoria: Lair of Behemoths,IKO,59,Near Mint,English,,,,,,,,,2021-05-18 06:10:18 Z
1,0,Neutralize,Ikoria: Lair of Behemoths,IKO,59,Near Mint,German,foil,,,,,,,,2021-05-18 06:10:18 Z
2,1,Dread Presence,Core Set 2020,M20,96,Near Mint,English,,,,,,,,,2021-05-18 06:10:18 Z
2,1,Dread Presence,Core Set 2020,M20,96,Near Mint,German,,,,,,,,,2021-05-18 06:10:18 Z
1,0,Darkwater Catacombs,Commander 2019,C19,238,Near Mint,English,,,,,,,,,2021-05-18 06:10:18 Z
7,6,Insect,Extras: Guilds of Ravnica Tokens,TGRN,5,Near Mint,English,,,,,,,,,2024-10-12 07:15:22 Z
5,4,Insect,Extras: Guilds of Ravnica Tokens,TGRN,5,Near Mint,German,,,,,,,,,2021-05-18 06:10:18 Z
4,3,Scion of the Swarm,Zendikar Rising,ZNR,121,Near Mint,English,,,,,,,,,2024-01-27 18:24:30 Z
1,0,"Mirko, Obsessive Theorist",Murders at Karlov Manor Commander,MKC,50,Near Mint,English,foil,,,,,,,,2025-03-16 18:44:14 Z
1,0,Kinjalli's Sunwing,Lost Caverns of Ixalan Commander,LCC,130,Near Mint,English,,,,,,,,,2024-09-24 18:51:40 Z
1,0,Rampant Growth,Kamigawa: Neon Dynasty Commander,NEC,125,Near Mint,English,,,,,,,,,2022-03-12 19:16:13 Z
1,0,Valiant Endeavor,Adventures in the Forgotten Realms Commander,AFC,13,Near Mint,English,,,,,,,,,2021-08-29 14:03:33 Z
2,1,Vulpikeet,Ikoria: Lair of Behemoths,IKO,282,Near Mint,English,,,,,,,,,2021-05-18 06:10:18 Z
1,0,Curiosity Crafter,Commander 2021,C21,24,Near Mint,English,,,,,,,,,2021-05-18 06:10:18 Z
1,0,Splitskin Doll,Duskmourn: House of Horror,DSK,33,Near Mint,English,,,,,,,,,2024-11-27 11:42:10 Z
2,1,Splitskin Doll,Duskmourn: House of Horror,DSK,33,Near Mint,English,foil,,,,,,,,2024-11-27 11:42:10 Z
4,3,Swamp,War of the Spark Japanese Alternate Art,WAR,258,Near Mint,English,,,,,,,,,2021-05-18 06:10:18 Z
1,0,Well of Lost Dreams,The Brothers' War Retro Artifacts,BRR,125,Near Mint,English,,,,,,,,,2023-01-29 09:11:34 Z
6,5,Soulknife Spy,Adventures in the Forgotten Realms,AFR,75,Near Mint,English,,,,,,,,,2022-08-12 07:05:44 Z
4,3,Dragon Engine,Dominaria Remastered,DMR,222,Near Mint,English,,,,,,,,,2023-03-15 10:11:06 Z
1,0,Improbable Alliance,Throne of Eldraine,ELD,193,Near Mint,English,,,,,,,,,2021-05-18 06:10:18 Z
1,0,Improbable Alliance,Throne of Eldraine,ELD,193,Near Mint,German,,,,,,,,,2021-05-18 06:10:18 Z
1,0,Faerie Vandal,Zendikar Rising Commander,ZNC,26,Near Mint,English,,,,,,,,,2021-05-18 06:10:18 Z
2,1,Path of Anger's Flame,Saviors of Kamigawa,SOK,109,Good (Lightly Played),English,,,,,,,,,2024-05-03 19:22:24 Z
1,0,Skullclamp,"Warhammer 40,000",40K,248,Near Mint,English,,,,,,,,,2024-03-28 06:42:30 Z
2,1,Island,Dominaria Remastered,DMR,405,Near Mint,English,,,,,,,,,2023-07-07 07:03:47 Z
1,0,Coiling Oracle,Dominaria United Commander,DMC,147,Near Mint,English,,,,,,,,,2022-12-22 17:24:27 Z
1,0,Mossfire Valley,Modern Horizons 3 Commander,M3C,357,Near Mint,English,,,,,,,,,2024-06-21 15:14:47 Z
1,0,Valorous Stance,Innistrad Remastered,INR,48,Near Mint,English,,,,,,,,,2025-03-04 00:00:00 Z
1,0,Terminate,Dominaria United Commander,DMC,172,Near Mint,English,,,,,,,,,2022-12-22 17:24:27 Z
1,0,Heavenly Blademaster,Game Night: Free-for-All,GN3,11,Near Mint,English,,,,,,,,,2022-11-19 12:10:27 Z
1,0,Windbrisk Heights,Lost Caverns of Ixalan Commander,LCC,370,Near Mint,English,,,,,,,,,2024-09-24 18:51:40 Z
1,0,"Elspeth, Sun's Champion",March of the Machine Commander,MOC,182,Near Mint,English,,,,,,,,,2023-05-28 12:31:13 Z
2,1,Silumgar Scavenger,Double Masters,2XM,105,Near Mint,English,,,,,,,,,2021-05-18 06:10:18 Z
1,0,Lorehold Apprentice,Strixhaven: School of Mages,STX,198,Near Mint,English,,,,,,,,,2021-05-22 08:58:00 Z
3,2,Skyclave Squid,Zendikar Rising,ZNR,296,Near Mint,English,,,,,,,,,2021-05-18 06:10:18 Z
1,0,Skyclave Squid,Zendikar Rising,ZNR,296,Near Mint,German,,,,,,,,,2021-05-18 06:10:18 Z
3,2,Zoyowa's Justice,The Lost Caverns of Ixalan,LCI,173,Near Mint,English,,,,,,,,,2024-01-06 11:15:25 Z
1,0,Vampire,Extras: The Lost Caverns of Ixalan Tokens,TLCI,4,Near Mint,English,,,,,,,,,2023-12-26 14:14:10 Z
1,0,Venom Connoisseur,Streets of New Capenna,SNC,161,Near Mint,English,,,,,,,,,2022-05-06 08:11:03 Z
1,0,Dissection Tools,Duskmourn: House of Horror,DSK,245,Near Mint,English,foil,,,,,,,,2024-11-27 11:43:55 Z
7,6,Plains,Commander Legends,CMR,505,Near Mint,English,,,,,,,,,2021-05-18 06:10:18 Z
1,0,Sky Weaver,Invasion,INV,74,Good (Lightly Played),German,,,,,,,,,2021-05-18 06:10:18 Z
1,0,Herald of Slaanesh,"Warhammer 40,000",40K,77,Near Mint,English,,,,,,,,,2022-10-25 07:13:56 Z
1,0,Aetherspouts,Commander 2021,C21,114,Near Mint,English,,,,,,,,,2021-05-18 06:10:18 Z
4,3,Desert of the Glorified,Hour of Devastation,HOU,171,Near Mint,English,,,,,,,,,2021-05-18 06:10:18 Z
1,0,True Polymorph,Adventures in the Forgotten Realms,AFR,80,Near Mint,English,,,,,,,,,2021-08-21 13:45:56 Z
1,0,Swiftfoot Boots,Outlaws of Thunder Junction Commander,OTC,268,Near Mint,English,,,,,,,,,2024-05-11 10:48:45 Z
2,1,Emergent Sequence,Strixhaven: School of Mages,STX,129,Near Mint,English,,,,,,,,,2021-05-22 09:00:07 Z
1,0,Boneyard Parley,Commander 2019,C19,107,Near Mint,English,,,,,,,,,2021-05-18 06:10:18 Z
7,6,Inkling Summoning,Strixhaven: School of Mages,STX,195,Near Mint,English,,,,,,,,,2021-06-04 04:43:44 Z
1,0,Hunted by The Family,Doctor Who,WHO,46,Near Mint,English,,,,,,,,,2023-11-14 17:21:24 Z
4,3,Eldrazi Devastator,Battle for Zendikar,BFZ,7,Good (Lightly Played),English,,,,,,,,,2021-05-18 06:10:18 Z
4,3,Storm the Citadel,War of the Spark Japanese Alternate Art,WAR,178,Near Mint,English,,,,,,,,,2021-05-18 06:10:18 Z
5,4,Storm the Citadel,War of the Spark Japanese Alternate Art,WAR,178,Near Mint,German,,,,,,,,,2021-05-18 06:10:18 Z
1,0,Storm the Citadel,War of the Spark Japanese Alternate Art,WAR,178,Near Mint,Japanese,,,,,,,,,2021-05-18 06:10:18 Z
1,0,"Nethroi, Apex of Death",Dominaria United Commander,DMC,163,Near Mint,English,,,,,,,,,2022-12-22 17:24:27 Z
1,0,Estrid's Invocation,Commander 2018,C18,8,Near Mint,German,,,,,,,,,2021-05-18 06:10:18 Z
1,0,Blast-Furnace Hellkite,The Brothers' War Commander,BRC,12,Near Mint,English,,,,,,,,,2023-01-01 14:56:52 Z
1,0,Struggle for Project Purity,Fallout,PIP,39,Near Mint,English,,,,,,,,,2024-03-25 20:41:51 Z
4,3,Nebelgast Beguiler,Innistrad: Crimson Vow,VOW,25,Near Mint,English,,,,,,,,,2021-12-26 06:41:03 Z
5,4,Dreadhorde Invasion,War of the Spark Japanese Alternate Art,WAR,86,Near Mint,English,,,,,,,,,2024-04-05 10:08:15 Z
1,0,Dreadhorde Invasion,War of the Spark Japanese Alternate Art,WAR,86,Near Mint,German,,,,,,,,,2021-05-18 06:10:18 Z
1,0,Turnabout,Dominaria Remastered,DMR,70,Near Mint,English,,,,,,,,,2023-03-13 19:22:44 Z
1,0,Hostage Taker,Lost Caverns of Ixalan Commander,LCC,271,Near Mint,English,,,,,,,,,2024-04-21 12:05:56 Z
4,3,Leyline of the Void,Core Set 2020,M20,107,Near Mint,German,,,,,,,,,2021-05-18 06:10:18 Z
1,0,Rolling Hamsphere,Bloomburrow Commander,BLC,39,Near Mint,English,,,,,,,,,2024-08-05 18:55:11 Z
1,0,Ordered Migration,Invasion,INV,258,Good (Lightly Played),German,,,,,,,,,2021-05-18 06:10:18 Z
1,0,Condemn,Commander Legends,CMR,369,Near Mint,English,,,,,,,,,2021-05-18 06:10:18 Z
1,0,Bloodsoaked Altar,Game Night: Free-for-All,GN3,43,Near Mint,English,,,,,,,,,2022-11-19 12:10:27 Z
1,0,Book of Mazarbul,The Lord of the Rings: Tales of Middle-earth,LTR,116,Near Mint,English,,,,,,,,,2024-11-24 14:29:19 Z
1,0,Book of Mazarbul,The Lord of the Rings: Tales of Middle-earth,LTR,116,Near Mint,German,,,,,,,,,2023-07-16 08:06:21 Z
1,0,Honeymoon Hearse,Innistrad: Crimson Vow,VOW,160,Near Mint,English,,,,,,,,,2021-12-13 12:08:11 Z
2,1,Velomachus Lorehold,Strixhaven: School of Mages,STX,245,Near Mint,English,,,,,,,,,2021-05-25 13:02:53 Z
8,7,Witch's Oven,Throne of Eldraine,ELD,237,Near Mint,English,,,,,,,,,2021-05-18 06:10:18 Z
1,0,"Wayta, Trainer Prodigy",Lost Caverns of Ixalan Commander,LCC,7,Near Mint,English,foil,,,,,,,,2024-09-24 18:51:40 Z
1,0,Path of Ancestry,Kaldheim Commander,KHC,117,Near Mint,English,,,,,,,,,2021-05-25 07:14:07 Z
1,0,Keen Duelist,Commander 2021,C21,42,Near Mint,English,,,,,,,,,2021-05-18 06:10:18 Z
1,0,Dress Down,Modern Horizons 2,MH2,39,Near Mint,English,,,,,,,,,2021-07-04 09:37:19 Z
1,0,Reanimate,Ultimate Masters,UMA,110,Near Mint,English,,,,,,,,,2021-05-18 06:10:18 Z
1,0,Repair and Recharge,The Brothers' War,BRO,24,Near Mint,English,,,,,,,,,2023-01-29 09:21:29 Z
1,0,Primal Forcemage,"Time Spiral ""Timeshifted""",TSR,225,Near Mint,English,,,,,,,,,2021-05-18 06:10:18 Z
2,1,Aegis of the Heavens,Core Set 2019,M19,1,Near Mint,English,,,,,,,,,2021-05-18 06:10:18 Z
4,3,Sure-Footed Infiltrator,Zendikar Rising,ZNR,83,Near Mint,English,,,,,,,,,2021-05-18 06:10:18 Z
5,4,"Syr Elenora, the Discerning",Throne of Eldraine,ELD,67,Near Mint,English,,,,,,,,,2021-05-18 06:10:18 Z
1,0,"Syr Elenora, the Discerning",Throne of Eldraine,ELD,67,Near Mint,English,,,proof,,,,,,2021-05-18 06:10:18 Z
2,1,"Syr Elenora, the Discerning",Throne of Eldraine,ELD,67,Near Mint,German,,,,,,,,,2021-05-18 06:10:18 Z
1,0,March of Wretched Sorrow,Kamigawa: Neon Dynasty,NEO,111,Near Mint,English,,,,,,,,,2022-04-09 16:35:09 Z
9,8,Giant's Skewer,Throne of Eldraine,ELD,91,Near Mint,English,,,,,,,,,2021-05-18 06:10:18 Z
5,4,Giant's Skewer,Throne of Eldraine,ELD,91,Near Mint,German,,,,,,,,,2021-05-18 06:10:18 Z
1,0,Twilight Prophet,Murders at Karlov Manor Commander,MKC,143,Near Mint,English,,,,,,,,,2024-03-24 11:08:14 Z
1,0,Branchloft Pathway // Boulderloft Pathway,Zendikar Rising,ZNR,258,Near Mint,German,,,,,,,,,2021-05-18 06:10:18 Z
1,0,Branchloft Pathway // Boulderloft Pathway,Prerelease Events: Zendikar Rising,ZNR,258,Near Mint,German,foil,,,,,,,,2021-05-18 06:10:18 Z
1,0,Ornithopter,Dominaria Remastered,DMR,386,Near Mint,English,,,,,,,,,2024-07-04 10:38:27 Z
5,4,Bogstomper,Core Set 2019,M19,87,Near Mint,English,,,,,,,,,2021-05-18 06:10:18 Z
1,0,Bogstomper,Core Set 2019,M19,87,Near Mint,German,,,,,,,,,2021-05-18 06:10:18 Z
4,3,Bag Check,Unfinity,UNF,36,Near Mint,English,,,,,,,,,2023-11-22 19:41:51 Z
1,0,Priest of the Wakening Sun,Ixalan,XLN,27,Good (Lightly Played),English,,,,,,,,,2021-05-18 06:10:18 Z
1,0,Giant Cockroach,Urza's Legacy,ULG,54,Played,German,,,,,,,,,2021-05-18 06:10:18 Z
1,0,Slice and Dice,Dominaria Remastered,DMR,138,Near Mint,English,,,,,,,,,2023-03-13 11:15:01 Z
2,1,Boreal Centaur,Coldsnap,CSP,104,Good (Lightly Played),English,,,,,,,,,2024-06-14 17:56:01 Z
1,0,"Mr. Orfeo, the Boulder",Streets of New Capenna,SNC,320,Near Mint,English,,,,,,,,,2022-05-11 09:44:56 Z
1,0,"Mr. Orfeo, the Boulder",Streets of New Capenna,SNC,320,Near Mint,English,foil,,,,,,,,2022-05-21 19:26:09 Z
1,0,"Anya, Merciless Angel",Murders at Karlov Manor Commander,MKC,199,Near Mint,English,,,,,,,,,2024-03-24 11:08:14 Z
1,0,Overseer of the Damned,Commander 2019,C19,125,Near Mint,English,,,,,,,,,2021-05-18 06:10:18 Z
1,0,"Linden, the Steadfast Queen",Throne of Eldraine,ELD,340,Near Mint,English,,,,,,,,,2021-05-18 06:10:18 Z
2,1,Swamp,MagicFest 2019,PF19,4,Near Mint,English,foil,,,,,,,,2021-05-18 06:10:18 Z
1,0,"Lily Bowen, Raging Grandma",Fallout,PIP,79,Near Mint,English,,,,,,,,,2024-03-25 20:41:51 Z
1,0,Unshakable Tail,Murders at Karlov Manor Commander,MKC,29,Near Mint,English,,,,,,,,,2024-03-24 11:08:14 Z
1,0,Skyclave Shade,Zendikar Rising,ZNR,298,Near Mint,English,,,,,,,,,2021-05-18 06:10:18 Z
6,5,Cult Guildmage,Ravnica Allegiance,RNA,164,Near Mint,English,,,,,,,,,2021-05-18 06:10:18 Z
2,1,Cult Guildmage,Ravnica Allegiance,RNA,164,Near Mint,German,,,,,,,,,2021-05-18 06:10:18 Z
1,0,Secluded Courtyard,Kamigawa: Neon Dynasty,NEO,275,Near Mint,English,,,,,,,,,2022-03-13 15:44:32 Z
3,2,Disruption Protocol,Kamigawa: Neon Dynasty,NEO,51,Near Mint,English,,,,,,,,,2022-03-13 15:43:50 Z
5,4,Walking Corpse,Core Set 2021,M21,128,Near Mint,English,,,,,,,,,2021-05-18 06:10:18 Z
4,3,Walking Corpse,Core Set 2021,M21,128,Near Mint,German,,,,,,,,,2021-05-18 06:10:18 Z
1,0,Unclaimed Territory,Innistrad: Midnight Hunt Commander,MIC,187,Near Mint,English,,,,,,,,,2021-11-04 07:05:05 Z
1,0,Out of Time,Modern Horizons 2,MH2,23,Near Mint,English,,,,,,,,,2023-11-03 10:14:30 Z
2,1,Stormwing Entity,Core Set 2021,M21,73,Near Mint,English,,,,,,,,,2021-05-18 06:10:18 Z
1,0,Stormwing Entity,Core Set 2021,M21,73,Near Mint,English,foil,,,,,,,,2021-05-18 06:10:18 Z
1,0,"Anhelo, the Painter",Streets of New Capenna Commander,NCC,186,Near Mint,English,foil,,,,,,,,2023-03-25 19:15:51 Z
3,2,Invert // Invent,Guilds of Ravnica,GRN,228,Near Mint,English,,,,,,,,,2021-05-18 06:10:18 Z
6,5,Invert // Invent,Guilds of Ravnica,GRN,228,Near Mint,German,,,,,,,,,2021-05-18 06:10:18 Z
1,0,Spite // Malice,Invasion,INV,293,Good (Lightly Played),English,,,,,,,,,2021-05-18 06:10:18 Z
1,0,Academic Probation,Strixhaven: School of Mages,STX,7,Near Mint,English,,,,,,,,,2021-06-01 08:48:46 Z
1,0,Moon-Blessed Cleric,Duskmourn: House of Horror Commander,DSC,69,Near Mint,English,,,,,,,,,2024-10-13 19:33:06 Z
7,6,Minimus Containment,Adventures in the Forgotten Realms,AFR,24,Near Mint,English,,,,,,,,,2021-11-16 05:26:48 Z
1,0,Make Your Own Luck,Outlaws of Thunder Junction,OTJ,218,Near Mint,English,,,,,,,,,2024-06-22 14:23:52 Z
3,2,Treasure,Extras: Ravnica Allegiance Tokens,TRNA,12,Near Mint,German,,,,,,,,,2021-05-18 06:10:18 Z
2,1,Ensnare,Nemesis,NEM,32,Played,German,,,,,,,,,2021-05-18 06:10:18 Z
1,0,Broken Wings,Game Night: Free-for-All,GN3,90,Near Mint,English,,,,,,,,,2022-11-19 12:10:27 Z
1,0,Shardmage's Rescue,Duskmourn: House of Horror,DSK,411,Near Mint,English,,,,,,,,,2024-09-23 06:33:02 Z
5,4,Grotag Night-Runner,Zendikar Rising,ZNR,143,Near Mint,English,,,,,,,,,2021-05-18 06:10:18 Z
1,0,Grotag Night-Runner,Zendikar Rising,ZNR,143,Near Mint,German,,,,,,,,,2021-05-18 06:10:18 Z
3,2,Firefist Adept,Dominaria,DOM,121,Near Mint,English,,,,,,,,,2021-05-18 06:10:18 Z
2,1,Firefist Adept,Dominaria,DOM,121,Near Mint,German,,,,,,,,,2021-05-18 06:10:18 Z
1,0,Dimir Guildgate,Ravnica Remastered,RVR,400,Near Mint,English,,,,,,,,,2024-05-31 20:45:43 Z
1,0,Rakdos Charm,Ravnica Allegiance Guild Kit,GK2,68,Near Mint,English,,,,,,,,,2021-05-18 06:10:18 Z
5,4,Elemental,Extras: Core Set 2020 Tokens,TM20,7,Near Mint,English,,,,,,,,,2021-05-18 06:10:18 Z
2,1,Elemental,Extras: Core Set 2020 Tokens,TM20,7,Near Mint,German,,,,,,,,,2021-05-18 06:10:18 Z
2,1,Eternal Witness,30th Anniversary Play Promos,P30A,12,Near Mint,English,foil,,,,,,,,2024-05-31 20:58:36 Z
2,1,Expunge,Urza's Saga,USG,135,Played,German,,,,,,,,,2021-05-18 06:10:18 Z
1,0,Worn Powerstone,Commander 2018,C18,230,Near Mint,German,,,,,,,,,2021-05-18 06:10:18 Z
1,0,Storm Herd,Commander 2019,C19,75,Near Mint,English,,,,,,,,,2021-05-18 06:10:18 Z
1,0,Huntmaster Liger,Ikoria: Lair of Behemoths,IKO,16,Near Mint,English,,,,,,,,,2021-05-18 06:10:18 Z
1,0,Acidic Slime,30th Anniversary Play Promos,P30A,17,Near Mint,German,foil,,,,,,,,2023-07-03 20:03:14 Z
4,3,Swamp,Dominaria,DOM,261,Near Mint,English,,,,,,,,,2021-05-18 06:10:18 Z
1,0,Swamp,Dominaria,DOM,261,Near Mint,German,,,,,,,,,2021-05-18 06:10:18 Z
1,0,Mortuary Mire,Commander Legends: Battle for Baldur's Gate,CLB,900,Near Mint,English,,,,,,,,,2022-08-02 16:53:55 Z
2,1,Ticket Booth // Tunnel of Hate,Duskmourn: House of Horror,DSK,158,Near Mint,English,,,,,,,,,2024-11-28 17:08:51 Z
1,0,Ticket Booth // Tunnel of Hate,Duskmourn: House of Horror,DSK,158,Near Mint,German,,,,,,,,,2024-09-23 17:53:28 Z
2,1,Tormod's Cryptkeeper,Modern Horizons 2,MH2,239,Near Mint,English,,,,,,,,,2021-06-30 05:28:15 Z
1,0,Untamed Hunger,Foundations,FDN,529,Near Mint,English,,,,,,,,,2025-01-05 13:32:44 Z
1,0,Human Rogue,Extras: Assassin's Creed Tokens,TACR,3,Near Mint,English,,,,,,,,,2024-07-24 13:52:53 Z
5,4,Bloodchief's Thirst,Zendikar Rising,ZNR,94,Near Mint,English,,,,,,,,,2022-04-09 16:34:03 Z
1,0,Charnel Serenade,Murders at Karlov Manor Commander,MKC,26,Near Mint,English,,,,,,,,,2024-03-24 11:08:14 Z
3,2,Cat,Extras: Dominaria Remastered Tokens,TDMR,3,Near Mint,English,,,,,,,,,2023-03-20 08:18:33 Z
1,0,Redeem,Urza's Saga,USG,33,Played,German,,,,,,,,,2021-05-18 06:10:18 Z
1,0,Reshape,Darksteel,DST,31,Near Mint,English,,,,,,,,,2021-05-18 06:10:18 Z
1,0,Woe Strider,Bloomburrow Commander,BLC,189,Near Mint,English,,,,,,,,,2024-08-05 18:55:11 Z
2,1,Howling Golem,Commander Legends,CMR,316,Near Mint,English,,,,,,,,,2021-05-18 06:10:18 Z
1,0,"Tayam, Luminous Enigma",Commander 2020,C20,16,Near Mint,English,foil,,,,,,,,2021-05-18 06:10:18 Z
1,0,Nyxborn Brute,Theros Beyond Death,THB,144,Near Mint,English,,,,,,,,,2021-05-18 06:10:18 Z
9,8,Nyxborn Brute,Theros Beyond Death,THB,144,Near Mint,German,,,,,,,,,2021-05-18 06:10:18 Z
1,0,Savage Lands,Streets of New Capenna Commander,NCC,424,Near Mint,English,,,,,,,,,2023-03-25 19:15:51 Z
1,0,Imperial Recruiter,Modern Horizons 2,MH2,281,Near Mint,English,,,,,,,,,2021-06-29 05:36:53 Z
1,0,Sunken Hollow,Commander Legends: Battle for Baldur's Gate,CLB,918,Near Mint,English,,,,,,,,,2022-08-02 16:53:55 Z
1,0,"Zacama, Primal Calamity",Lost Caverns of Ixalan Commander,LCC,296,Near Mint,English,,,,,,,,,2024-09-24 18:51:40 Z
1,0,Erase,Urza's Legacy,ULG,7,Played,German,,,,,,,,,2021-05-18 06:10:18 Z
1,0,Suspicious Bookcase,Duskmourn: House of Horror Commander,DSC,95,Near Mint,English,,,,,,,,,2024-10-13 19:33:06 Z
2,1,Night Shift of the Living Dead,Unfinity,UNF,81,Near Mint,English,,,,,,,,,2023-11-17 18:56:21 Z
1,0,Overlord of the Hauntwoods,Duskmourn: House of Horror,DSK,194,Near Mint,English,,,,,,,,,2025-01-07 18:01:54 Z
1,0,Last Gasp,Jumpstart,JMP,247,Near Mint,English,,,,,,,,,2021-05-18 06:10:18 Z
2,1,Acridian,Urza's Saga,USG,230,Played,German,,,,,,,,,2021-05-18 06:10:18 Z
4,3,Hunt the Weak,Rivals of Ixalan,RIX,133,Near Mint,English,,,,,,,,,2021-05-18 06:10:18 Z
2,1,Furycalm Snarl,March of the Machine Commander,MOC,404,Near Mint,English,,,,,,,,,2023-05-28 12:31:13 Z
1,0,Beast Within,Doctor Who,WHO,228,Near Mint,English,,,,,,,,,2023-11-14 17:21:35 Z
1,0,Avenging Huntbonder,Streets of New Capenna Commander,NCC,194,Near Mint,English,,,,,,,,,2023-03-25 19:15:51 Z
2,1,"Legion's Landing // Adanto, the First Fort",Ixalan,XLN,22,Near Mint,English,,,,,,,,,2021-09-16 13:00:59 Z
1,0,"Legion's Landing // Adanto, the First Fort",Ixalan,XLN,22,Near Mint,English,foil,,,,,,,,2021-05-18 06:10:18 Z
1,0,Tezzeret's Gambit,Strixhaven Mystical Archive,STA,21,Near Mint,English,,,,,,,,,2021-06-01 11:38:35 Z
1,0,Saw in Half,Unfinity,UNF,88,Near Mint,English,,,,,,,,,2023-11-18 20:11:33 Z
1,0,Skull Storm,Commander 2018,C18,18,Near Mint,German,,,,,,,,,2021-05-18 06:10:18 Z
1,0,Thran Golem,Dominaria Remastered,DMR,234,Near Mint,English,,,,,,,,,2023-03-13 19:22:32 Z
1,0,Wall of Blossoms,Modern Horizons Foil,MH1,190,Near Mint,English,,,,,,,,,2021-05-18 06:10:18 Z
1,0,Sorceress Queen,Introductory Two-Player Set,ITP,24,Good (Lightly Played),German,,,,,,,,,2024-10-23 07:57:40 Z
10,9,Totally Lost,Core Set 2019,M19,81,Near Mint,English,,,,,,,,,2021-05-18 06:10:18 Z
2,1,Totally Lost,Core Set 2019,M19,81,Near Mint,German,,,,,,,,,2021-05-18 06:10:18 Z
2,1,Affectionate Indrik,Jumpstart,JMP,373,Near Mint,English,,,,,,,,,2021-05-18 06:10:18 Z
1,0,Desolate Mire,Fallout,PIP,146,Near Mint,English,,,,,,,,,2024-03-25 20:41:51 Z
1,0,Ransom Note,Murders at Karlov Manor Commander,MKC,358,Near Mint,English,,,,,,,,,2024-03-24 11:08:14 Z
2,1,Geode Golem,Commander 2018,C18,56,Near Mint,German,,,,,,,,,2021-05-18 06:10:18 Z
8,7,Gravitic Punch,Guilds of Ravnica,GRN,105,Near Mint,English,,,,,,,,,2021-05-18 06:10:18 Z
7,6,Gravitic Punch,Guilds of Ravnica,GRN,105,Near Mint,German,,,,,,,,,2021-05-18 06:10:18 Z
3,2,Island,Core Set 2021,M21,265,Near Mint,English,,,,,,,,,2021-05-18 06:10:18 Z
1,0,Island,Core Set 2021,M21,265,Near Mint,English,foil,,,,,,,,2021-05-18 06:10:18 Z
1,0,Waterlogged Teachings // Inundated Archive,Modern Horizons 3,MH3,261,Near Mint,English,,,,,,,,,2024-08-20 17:27:30 Z
1,0,Forest,Dominaria,DOM,269,Near Mint,English,,,,,,,,,2021-05-18 06:10:18 Z
2,1,Forest,Dominaria,DOM,269,Near Mint,German,,,,,,,,,2021-05-18 06:10:18 Z
1,0,Forest,Dominaria,DOM,269,Near Mint,English,foil,,,,,,,,2021-05-18 06:10:18 Z
2,1,Long Rest,Adventures in the Forgotten Realms,AFR,193,Near Mint,English,,,,,,,,,2021-11-12 07:33:05 Z
1,0,Long Rest,Adventures in the Forgotten Realms,AFR,193,Near Mint,English,foil,,,,,,,,2021-07-29 09:15:40 Z
1,0,Canoptek Wraith,"Warhammer 40,000",40K,153,Near Mint,English,,,,,,,,,2022-10-24 06:29:54 Z
1,0,Second Wind,Future Sight,FUT,57,Good (Lightly Played),English,,,,,,,,,2024-06-14 18:27:54 Z
1,0,Chaotic Strike,Invasion,INV,140,Good (Lightly Played),German,,,,,,,,,2021-05-18 06:10:18 Z
2,1,Farseek,Commander 2019,C19,165,Near Mint,English,,,,,,,,,2021-05-18 06:10:18 Z
2,1,Sigarda's Summons,Innistrad: Crimson Vow,VOW,404,Near Mint,English,foil,,,,,,,,2021-12-27 13:06:12 Z
1,0,Dreadmaw's Ire,The Lost Caverns of Ixalan,LCI,147,Near Mint,English,,,,,,,,,2025-02-18 19:19:41 Z
1,0,Appetite for Brains,Avacyn Restored,AVR,84,Near Mint,English,,,,,,,,,2021-05-18 06:10:18 Z
5,4,Fan Favorite,Battlebond,BBD,46,Near Mint,English,,,,,,,,,2022-03-31 13:29:55 Z
1,0,Thriving Heath,Duskmourn: House of Horror Commander,DSC,315,Near Mint,English,,,,,,,,,2024-10-13 19:33:06 Z
2,1,Emissary of Sunrise,Ixalan,XLN,10,Near Mint,English,,,,,,,,,2021-05-18 06:10:18 Z
1,0,Emissary of Sunrise,Ixalan,XLN,10,Near Mint,German,,,,,,,,,2021-05-18 06:10:18 Z
3,2,Galvanic Relay,Modern Horizons 2,MH2,127,Near Mint,English,,,,,,,,,2021-07-04 09:30:17 Z
1,0,Galvanic Relay,Modern Horizons 2,MH2,127,Near Mint,English,foil,,,,,,,,2021-06-21 07:29:30 Z
4,3,Trumpeting Gnarr,Ikoria: Lair of Behemoths,IKO,213,Near Mint,English,,,,,,,,,2021-05-18 06:10:18 Z
1,0,Indomitable Might,Adventures in the Forgotten Realms Commander,AFC,40,Near Mint,English,,,,,,,,,2021-08-29 14:03:33 Z
2,1,On Serra's Wings,Dominaria,DOM,28,Near Mint,English,,,,,,,,,2021-05-18 06:10:18 Z
1,0,Mysterious Stranger,Fallout,PIP,63,Near Mint,English,,,,,,,,,2024-03-25 20:41:51 Z
1,0,Arcane Epiphany,Foundations,FDN,29,Near Mint,English,,,,,,,,,2025-01-05 13:00:36 Z
4,3,Prophetic Prism,Kaladesh,KLD,229,Good (Lightly Played),English,,,,,,,,,2021-05-18 06:10:18 Z
1,0,Old-Growth Dryads,Ixalan,XLN,199,Near Mint,English,,,,,,,,,2021-05-18 06:10:18 Z
1,0,Eldrazi Spawn,Extras: Modern Horizons 3 Tokens,TMH3,2,Near Mint,English,,,,,,,,,2024-08-31 07:33:46 Z
3,2,Empty the Warrens,"Time Spiral ""Timeshifted""",TSR,162,Near Mint,English,,,,,,,,,2021-05-18 06:10:18 Z
4,3,"Whisper, Blood Liturgist",Dominaria,DOM,111,Near Mint,English,,,,,,,,,2021-05-18 06:10:18 Z
3,2,"Whisper, Blood Liturgist",Dominaria,DOM,111,Near Mint,German,,,,,,,,,2021-05-18 06:10:18 Z
1,0,"Whisper, Blood Liturgist",Dominaria,DOM,111,Near Mint,English,foil,,,,,,,,2021-05-18 06:10:18 Z
7,6,Sure Strike,Core Set 2021,M21,163,Near Mint,English,,,,,,,,,2021-05-18 06:10:18 Z
3,2,Sure Strike,Core Set 2021,M21,163,Near Mint,German,,,,,,,,,2021-05-18 06:10:18 Z
4,3,Entrancing Lyre,Theros Beyond Death,THB,233,Near Mint,German,,,,,,,,,2021-05-18 06:10:18 Z
1,0,Ranger's Firebrand,The Lord of the Rings: Tales of Middle-earth,LTR,143,Near Mint,English,,,,,,,,,2024-11-26 09:53:21 Z
1,0,Ghirapur Guide,Core Set 2019,M19,182,Near Mint,English,,,,,,,,,2021-05-18 06:10:18 Z
1,0,Ghirapur Guide,Core Set 2019,M19,182,Near Mint,German,,,,,,,,,2021-05-18 06:10:18 Z
3,2,Seagraf Skaab,Shadows over Innistrad,SOI,84,Near Mint,English,,,,,,,,,2021-05-18 06:10:18 Z
4,3,Captive Audience,Ravnica Allegiance,RNA,160,Near Mint,English,,,,,,,,,2021-05-18 06:10:18 Z
1,0,The War Games,Doctor Who,WHO,30,Near Mint,English,,,,,,,,,2023-11-14 17:21:24 Z
1,0,Secrets of the Dead,Commander 2019,C19,95,Near Mint,English,,,,,,,,,2021-05-18 06:10:18 Z
1,0,Game Trail,Doctor Who,WHO,284,Near Mint,English,,,,,,,,,2023-11-14 17:21:35 Z
1,0,Comet Storm,Commander 2020,C20,148,Near Mint,English,,,,,,,,,2021-05-18 06:10:18 Z
1,0,Akroma's Will,Modern Horizons 3 Commander,M3C,165,Near Mint,English,,,,,,,,,2024-06-21 15:14:47 Z
1,0,Genesis Storm,Commander 2018,C18,30,Near Mint,German,,,,,,,,,2021-05-18 06:10:18 Z
1,0,Perilous Research,Coldsnap,CSP,41,Near Mint,English,,,,,,,,,2021-05-18 06:10:18 Z
1,0,Loot Dispute,Commander Legends: Battle for Baldur's Gate,CLB,677,Near Mint,English,,,,,,,,,2022-08-02 16:53:55 Z
1,0,Will-o'-the-Wisp,Masters 25,A25,115,Good (Lightly Played),English,,,,,,,,,2024-06-28 18:42:39 Z
1,0,"Ulasht, the Hate Seed",Ravnica Allegiance Guild Kit,GK2,100,Near Mint,English,,,,,,,,,2021-05-18 06:10:18 Z
1,0,Stoic Ephemera,Dissension,DIS,19,Good (Lightly Played),English,,,,,,,,,2024-05-17 19:46:23 Z
1,0,"Pako, Arcane Retriever",Commander 2020,C20,13,Near Mint,English,foil,,,,,,,,2021-05-18 06:10:18 Z
1,0,Gibbering Barricade,Dominaria United,DMU,95,Near Mint,English,,,,,,,,,2023-01-29 09:16:26 Z
4,3,Diabolic Tutor,Kaladesh,KLD,75,Near Mint,English,,,,,,,,,2021-05-18 06:10:18 Z
1,0,Boon of Boseiju,Kamigawa: Neon Dynasty,NEO,176,Near Mint,English,,,,,,,,,2022-03-15 06:23:45 Z
1,0,Hex,Commander Legends: Battle for Baldur's Gate,CLB,757,Near Mint,English,,,,,,,,,2022-08-02 16:53:55 Z
1,0,Quakestrider Ceratops,Foundations,FDN,110,Near Mint,English,,,,,,,,,2025-03-07 00:00:00 Z
1,0,Scarred Puma,Invasion,INV,163,Good (Lightly Played),German,,,,,,,,,2021-05-18 06:10:18 Z
8,7,Mind Drain,Zendikar Rising,ZNR,114,Near Mint,English,,,,,,,,,2021-05-18 06:10:18 Z
3,2,Mind Drain,Zendikar Rising,ZNR,114,Near Mint,German,,,,,,,,,2021-05-18 06:10:18 Z
1,0,Rubblehulk,Commander 2016,C16,219,Near Mint,English,,,,,,,,,2021-05-18 06:10:18 Z
1,0,Witch's Mark,Wilds of Eldraine,WOE,158,Near Mint,German,,,,,,,,,2023-09-05 05:38:30 Z
2,1,Path of Ancestry,Modern Horizons 3 Commander,M3C,363,Near Mint,English,,,,,,,,,2024-06-21 15:14:47 Z
1,0,Trygon Predator,Commander 2020,C20,232,Near Mint,English,,,,,,,,,2021-05-18 06:10:18 Z
1,0,Crumbling Necropolis,"Warhammer 40,000",40K,273,Near Mint,English,,,,,,,,,2022-10-24 06:31:14 Z
5,4,Millennial Gargoyle,Battlebond,BBD,239,Near Mint,English,,,,,,,,,2022-04-01 07:06:07 Z
1,0,Millennial Gargoyle,Battlebond,BBD,239,Near Mint,English,foil,,,,,,,,2022-02-25 07:54:53 Z
1,0,Eidolon of Countless Battles,Wilds of Eldraine Commander,WOC,66,Near Mint,English,,,,,,,,,2023-11-02 16:23:17 Z
1,0,Ohran Frostfang,Outlaws of Thunder Junction Commander,OTC,199,Near Mint,English,,,,,,,,,2024-05-11 10:48:45 Z
1,0,Thieving Skydiver,Outlaws of Thunder Junction Commander,OTC,118,Near Mint,English,,,,,,,,,2024-05-11 10:48:45 Z
1,0,Bereavement,Urza's Saga,USG,117,Good (Lightly Played),German,,,,,,,,,2021-05-18 06:10:18 Z
1,0,Lumbering Worldwagon,Aetherdrift,DFT,422,Near Mint,German,foil,,,,,,,,2025-02-26 08:39:27 Z
2,1,Glowstone Recluse,Ikoria: Lair of Behemoths,IKO,156,Near Mint,English,,,,,,,,,2021-05-18 06:10:18 Z
3,2,Glowstone Recluse,Ikoria: Lair of Behemoths,IKO,156,Near Mint,German,,,,,,,,,2021-05-18 06:10:18 Z
5,4,Sage's Row Denizen,Core Set 2020,M20,73,Near Mint,English,,,,,,,,,2021-05-18 06:10:18 Z
3,2,Sage's Row Denizen,Core Set 2020,M20,73,Near Mint,German,,,,,,,,,2021-05-18 06:10:18 Z
1,0,Ichorclaw Myr,Phyrexia: All Will Be One Commander,ONC,133,Near Mint,English,,,,,,,,,2023-05-18 11:17:38 Z
1,0,Inkwell Leviathan,Commander 2018,C18,91,Near Mint,German,,,,,,,,,2021-05-18 06:10:18 Z
2,1,Triumphant Chomp,The Lost Caverns of Ixalan,LCI,170,Near Mint,English,,,,,,,,,2024-01-27 17:54:51 Z
1,0,Slither Blade,Zendikar Rising Commander,ZNC,36,Near Mint,English,,,,,,,,,2021-05-18 06:10:18 Z
1,0,Dispatch,Kamigawa: Neon Dynasty Commander,NEC,83,Near Mint,English,,,,,,,,,2022-03-12 19:16:13 Z
2,1,Nahiri's Lithoforming,Zendikar Rising,ZNR,151,Near Mint,English,,,,,,,,,2021-05-18 06:10:18 Z
1,0,Nahiri's Lithoforming,Zendikar Rising,ZNR,151,Near Mint,German,,,,,,promo,,,2021-05-18 06:10:18 Z
1,0,Nahiri's Lithoforming,Zendikar Rising,ZNR,151,Near Mint,English,foil,,,,,,,,2021-05-18 06:10:18 Z
1,0,Beacon of Unrest,Double Masters,2XM,77,Near Mint,English,,,proof,,,,,,2023-05-07 14:11:31 Z
1,0,Beacon of Unrest,Double Masters,2XM,77,Near Mint,English,foil,,,,,,,,2021-05-18 06:10:18 Z
3,2,Flaxen Intruder // Welcome Home,Throne of Eldraine,ELD,155,Near Mint,English,,,,,,,,,2021-05-18 06:10:18 Z
1,0,Flaxen Intruder // Welcome Home,Throne of Eldraine,ELD,155,Near Mint,German,,,,,,,,,2021-05-18 06:10:18 Z
1,0,Temple of Malice,Duskmourn: House of Horror Commander,DSC,310,Near Mint,English,,,,,,,,,2024-10-13 19:33:06 Z
1,0,Forth Eorlingas!,The Lord of the Rings: Tales of Middle-earth Commander,LTC,56,Near Mint,English,,,,,,,,,2023-07-20 08:41:51 Z
2,1,"Quintorius, Field Historian",Strixhaven: School of Mages,STX,220,Near Mint,English,,,,,,,,,2021-06-01 11:38:16 Z
1,0,Drownyard Temple,Commander Legends: Battle for Baldur's Gate,CLB,892,Near Mint,English,,,,,,,,,2022-08-02 16:53:55 Z
1,0,Runaway Boulder,The Lost Caverns of Ixalan,LCI,259,Near Mint,English,,,,,,,,,2024-01-06 10:49:21 Z
1,0,Runaway Boulder,The Lost Caverns of Ixalan,LCI,259,Near Mint,English,foil,,,,,,,,2023-12-16 13:44:33 Z
1,0,The First Sliver,Modern Horizons Foil,MH1,200,Near Mint,English,,,,,,,,,2021-05-18 06:10:18 Z
1,0,Swords to Plowshares,Innistrad: Crimson Vow Commander,VOC,99,Near Mint,English,,,,,,,,,2021-12-03 19:22:24 Z
2,1,Cloaked Cadet,Innistrad: Crimson Vow,VOW,192,Near Mint,English,,,,,,,,,2021-12-29 09:01:23 Z
1,0,Cloaked Cadet,Innistrad: Crimson Vow,VOW,192,Near Mint,English,foil,,,,,,,,2021-12-29 09:01:23 Z
1,0,Transguild Promenade,Commander 2016,C16,334,Near Mint,English,,,,,,,,,2021-05-18 06:10:18 Z
3,2,Grapple with the Past,Innistrad Remastered,INR,199,Near Mint,English,,,,,,,,,2025-03-04 00:00:00 Z
1,0,Grapple with the Past,Innistrad Remastered,INR,199,Near Mint,English,,,,,,,,,2025-03-05 00:00:00 Z
1,0,Swamp,Jumpstart,JMP,54,Near Mint,English,,,,,,,,,2021-05-18 06:10:18 Z
1,0,Eldrazi Spawn,Extras: Double Masters Tokens,T2XM,1,Near Mint,English,,,,,,,,,2021-05-18 06:10:18 Z
1,0,Vraska Joins Up,Outlaws of Thunder Junction,OTJ,236,Near Mint,English,,,,,,,,,2024-04-26 19:43:24 Z
4,3,Island,"Core Set 2019, Alayna Danner",PSS3,2,Near Mint,English,foil,,,,,,,,2021-05-18 06:10:18 Z
1,0,Hamlet Captain,Innistrad Remastered,INR,201,Near Mint,English,,,,,,,,,2025-03-04 00:00:00 Z
6,5,Wintermoor Commander,Throne of Eldraine,ELD,205,Near Mint,English,,,,,,,,,2021-05-18 06:10:18 Z
3,2,Wintermoor Commander,Throne of Eldraine,ELD,205,Near Mint,German,,,,,,,,,2021-05-18 06:10:18 Z
1,0,Secluded Steppe,Commander 2020,C20,307,Near Mint,English,,,,,,,,,2021-05-18 06:10:18 Z
1,0,Cadaverous Knight,Mirage,MIR,110,Good (Lightly Played),English,,,,,,,,,2024-05-17 19:52:05 Z
2,1,Undying Rage,Ultimate Masters,UMA,153,Near Mint,English,,,,,,,,,2021-05-18 06:10:18 Z
1,0,Savage Twister,Commander 2018,C18,190,Near Mint,German,,,,,,,,,2021-05-18 06:10:18 Z
1,0,Sudden Insight,Adventures in the Forgotten Realms,AFR,77,Near Mint,English,,,,,,,,,2021-09-01 08:41:15 Z
1,0,Sudden Insight,Adventures in the Forgotten Realms,AFR,77,Good (Lightly Played),English,,,,,,,,,2024-01-27 18:13:08 Z
9,8,Giant Growth,War of the Spark Japanese Alternate Art,WAR,162,Near Mint,English,,,,,,,,,2021-05-18 06:10:18 Z
4,3,Giant Growth,War of the Spark Japanese Alternate Art,WAR,162,Near Mint,German,,,,,,,,,2021-05-18 06:10:18 Z
1,0,Giant Growth,War of the Spark Japanese Alternate Art,WAR,162,Near Mint,Japanese,,,,,,,,,2021-05-18 06:10:18 Z
1,0,Thieving Amalgam,Commander 2019,C19,21,Near Mint,English,,,,,,,,,2021-05-18 06:10:18 Z
1,0,Tar Snare,Oath of the Gatewatch,OGW,90,Near Mint,English,,,proof,,,,,,2021-05-18 06:10:18 Z
1,0,Tar Snare,Oath of the Gatewatch,OGW,90,Good (Lightly Played),English,,,,,,,,,2024-01-27 18:12:01 Z
1,0,Talisman of Curiosity,Doctor Who,WHO,249,Near Mint,English,,,,,,,,,2023-11-14 17:21:35 Z
6,5,Copy,Extras: Zendikar Rising Tokens,TZNR,12,Near Mint,English,,,,,,,,,2021-05-18 06:10:18 Z
3,2,Human Warrior,Extras: Kaldheim Tokens,TKHM,3,Near Mint,English,,,,,,,,,2021-05-18 06:10:18 Z
1,0,Indulgent Aristocrat,Innistrad Remastered,INR,118,Near Mint,English,,,,,,,,,2025-03-05 00:00:00 Z
1,0,Ivory Charm,Mirage,MIR,23,Good (Lightly Played),English,,,,,,,,,2024-05-17 19:55:42 Z
1,0,Ivory Charm,Mirage,MIR,23,Played,German,,,,,,,,,2021-05-18 06:10:18 Z
4,3,Timber Gorge,Core Set 2019,M19,258,Near Mint,English,,,,,,,,,2021-05-18 06:10:18 Z
3,2,Fry,Core Set 2020,M20,140,Near Mint,English,,,,,,,,,2021-05-18 06:10:18 Z
1,0,Fry,Core Set 2020,M20,140,Near Mint,German,,,,,,,,,2021-05-18 06:10:18 Z
1,0,Rohirrim Chargers,The Lord of the Rings: Tales of Middle-earth Commander,LTC,496,Near Mint,English,foil,,,,,,,,2024-11-25 20:56:38 Z
1,0,Tears of Rage,Darksteel,DST,70,Good (Lightly Played),English,,,,,,,,,2024-10-08 05:40:45 Z
6,5,Spinning Wheel,Throne of Eldraine,ELD,234,Near Mint,English,,,,,,,,,2021-05-18 06:10:18 Z
2,1,Spinning Wheel,Throne of Eldraine,ELD,234,Near Mint,German,,,,,,,,,2021-05-18 06:10:18 Z
4,3,Parasitic Grasp,Innistrad: Crimson Vow,VOW,123,Near Mint,English,,,,,,,,,2022-04-09 16:36:36 Z
1,0,Verge Rangers,Commander 2020,C20,29,Near Mint,English,,,,,,,,,2021-05-18 06:10:18 Z
5,4,Sorcerer's Broom,Throne of Eldraine,ELD,232,Near Mint,English,,,,,,,,,2021-05-18 06:10:18 Z
3,2,Sorcerer's Broom,Throne of Eldraine,ELD,232,Near Mint,German,,,,,,,,,2021-05-18 06:10:18 Z
1,0,Sorcerer's Broom,Throne of Eldraine,ELD,232,Near Mint,English,foil,,,,,,,,2021-05-18 06:10:18 Z
6,5,Skittering Heartstopper,Ixalan,XLN,122,Near Mint,English,,,,,,,,,2021-05-18 06:10:18 Z
1,0,Skittering Heartstopper,Ixalan,XLN,122,Near Mint,German,,,,,,,,,2021-05-18 06:10:18 Z
13,12,Forest,The Lord of the Rings: Tales of Middle-earth,LTR,271,Near Mint,English,,,,,,,,,2024-11-29 19:50:20 Z
1,0,Vesuva,"Time Spiral ""Timeshifted""",TSR,289,Near Mint,English,,,,,,,,,2021-05-18 06:10:18 Z
1,0,Disorder in the Court,Murders at Karlov Manor Commander,MKC,209,Near Mint,English,,,,,,,,,2024-03-24 11:08:14 Z
1,0,Quicksilver Sea,Planechase Anthology Planes,OPCA,65,Near Mint,English,,,,,,,,,2021-05-18 06:10:18 Z
1,0,Loyal Apprentice,Aetherdrift Commander,DRC,104,Near Mint,English,,,,,,,,,2025-02-26 08:31:18 Z
3,2,Hungry Flames,Jumpstart,JMP,336,Near Mint,English,,,,,,,,,2021-05-18 06:10:18 Z
1,0,Beastbond Outcaster,Outlaws of Thunder Junction,OTJ,154,Near Mint,English,,,,,,,,,2024-04-24 05:15:29 Z
1,0,Siren Stormtamer,Lost Caverns of Ixalan Commander,LCC,171,Near Mint,English,,,,,,,,,2024-04-21 12:05:56 Z
1,0,Fell the Mighty,Commander 2017,C17,60,Near Mint,English,,,,,,,,,2021-05-18 06:10:18 Z
1,0,Bloodfire Expert,Khans of Tarkir,KTK,101,Near Mint,English,,,proof,,,,,,2021-05-18 06:10:18 Z
1,0,Gallia of the Endless Dance,Theros Beyond Death,THB,217,Near Mint,German,,,,,,,,,2021-05-18 06:10:18 Z
4,3,Bound in Gold,Kaldheim,KHM,5,Near Mint,English,,,,,,,,,2021-05-18 06:10:18 Z
2,1,Invigorate,Game Night: Free-for-All,GN3,99,Near Mint,English,,,,,,,,,2022-11-19 12:10:27 Z
1,0,"Shirei, Shizo's Caretaker",Ultimate Masters,UMA,112,Near Mint,English,,,,,,,,,2021-05-18 06:10:18 Z
2,1,Candles' Glow,Champions of Kamigawa,CHK,5,Good (Lightly Played),English,,,,,,,,,2024-06-14 17:57:54 Z
1,0,Fallowsage,March of the Machine Commander,MOC,223,Near Mint,English,,,,,,,,,2023-05-28 12:31:13 Z
5,4,Incubation Druid,Ravnica Allegiance,RNA,131,Near Mint,English,,,,,,,,,2021-05-18 06:10:18 Z
4,3,Quandrix Pledgemage,Strixhaven: School of Mages,STX,219,Near Mint,English,,,,,,,,,2021-06-04 04:43:11 Z
1,0,Quandrix Pledgemage,Strixhaven: School of Mages,STX,219,Near Mint,English,foil,,,,,,,,2021-05-18 06:10:18 Z
1,0,Inspiring Paladin,Foundations,FDN,18,Near Mint,English,foil,,,,,,,,2025-03-10 00:00:00 Z
1,0,Due Diligence,Murders at Karlov Manor,MKM,14,Near Mint,English,,,,,,,,,2024-02-16 20:36:08 Z
4,3,Pointed Discussion,Innistrad: Crimson Vow,VOW,126,Near Mint,English,,,,,,,,,2022-01-11 10:17:32 Z
2,1,Pointed Discussion,Innistrad: Crimson Vow,VOW,126,Near Mint,English,foil,,,,,,,,2022-01-11 10:17:32 Z
1,0,Mental Vapors,Gatecrash,GTC,72,Near Mint,English,,,,,,,,,2021-05-18 06:10:18 Z
1,0,Skola Grovedancer,Theros Beyond Death,THB,202,Near Mint,English,,,,,,,,,2021-05-18 06:10:18 Z
10,9,Skola Grovedancer,Theros Beyond Death,THB,202,Near Mint,German,,,,,,,,,2021-05-18 06:10:18 Z
4,3,Knight,Extras: Core Set 2021 Tokens,TM21,4,Near Mint,English,,,,,,,,,2021-05-18 06:10:18 Z
4,3,Knight,Extras: Core Set 2021 Tokens,TM21,4,Near Mint,German,,,,,,,,,2021-05-18 06:10:18 Z
1,0,The Phasing of Zhalfir,Dominaria United,DMU,59,Near Mint,English,,,,,,,,,2023-01-27 11:18:17 Z
1,0,Exclude,Modern Horizons Foil,MH1,48,Near Mint,English,,,,,,,,,2021-05-18 06:10:18 Z
2,1,Underrealm Lich,Guilds of Ravnica,GRN,211,Near Mint,English,,,,,,,,,2021-05-18 06:10:18 Z
1,0,Underrealm Lich,Guilds of Ravnica,GRN,211,Near Mint,German,,,,,,,,,2021-05-18 06:10:18 Z
1,0,Underrealm Lich,Guilds of Ravnica,GRN,211,Near Mint,English,foil,,,,,,,,2021-05-18 06:10:18 Z
2,1,Azorius Chancery,Commander 2018,C18,233,Near Mint,German,,,,,,,,,2021-05-18 06:10:18 Z
2,1,Thriving Bluff,Lost Caverns of Ixalan Commander,LCC,361,Near Mint,English,,,,,,,,,2024-09-24 18:51:40 Z
1,0,Cryptolith Fragment // Aurora of Emrakul,Eldritch Moon,EMN,193,Near Mint,English,,,,,,,,,2024-04-29 15:31:51 Z
1,0,Screamer-Killer,"Warhammer 40,000",40K,84,Near Mint,English,,,,,,,,,2022-10-26 05:58:46 Z
1,0,Necroblossom Snarl,Bloomburrow Commander,BLC,319,Near Mint,English,,,,,,,,,2024-08-05 18:55:11 Z
1,0,Thornwood Falls,Commander 2019,C19,283,Near Mint,English,,,,,,,,,2021-05-18 06:10:18 Z
7,6,Soldier,Extras: Core Set 2019 Tokens,TM19,6,Near Mint,English,,,,,,,,,2021-05-18 06:10:18 Z
1,0,Playful Shove,Bloomburrow,BLB,145,Near Mint,German,,,,,,,,,2024-07-30 19:08:31 Z
1,0,Daraja Griffin,Classic Sixth Edition,6ED,14,Good (Lightly Played),English,,,,,,,,,2021-05-18 06:10:18 Z
1,0,Daraja Griffin,Classic Sixth Edition,6ED,14,Good (Lightly Played),German,,,,,,,,,2021-05-18 06:10:18 Z
1,0,Forbidden Alchemy,Adventures in the Forgotten Realms Commander,AFC,84,Near Mint,English,,,,,,,,,2021-08-29 14:03:33 Z
4,3,"Magda, Brazen Outlaw",Kaldheim,KHM,142,Near Mint,English,,,,,,,,,2022-04-09 16:45:01 Z
1,0,Overprotect,Bloomburrow,BLB,185,Near Mint,English,,,,,,,,,2024-09-04 19:55:19 Z
1,0,Astral Drift,Commander 2020,C20,76,Near Mint,English,,,,,,,,,2021-05-18 06:10:18 Z
1,0,"Karn, Scion of Urza",Dominaria,DOM,1,Near Mint,English,,,,,,,,,2021-05-18 06:10:18 Z
2,1,"Karn, Scion of Urza",Dominaria,DOM,1,Good (Lightly Played),English,,,,,,,,,2021-05-18 06:10:18 Z
1,0,"Karn, Scion of Urza",Dominaria,DOM,1,Near Mint,German,,,,,,,,,2021-05-18 06:10:18 Z
1,0,"O-Kagachi, Vengeful Kami",Dominaria United Commander,DMC,164,Near Mint,English,,,,,,,,,2022-12-22 17:24:27 Z
1,0,Skullsnatcher,Planechase Anthology,PCA,36,Near Mint,English,,,,,,,,,2021-05-18 06:10:18 Z
3,2,Swamp,Assassin's Creed,ACR,106,Near Mint,English,,,,,,,,,2024-07-28 19:33:41 Z
2,1,Swamp,Assassin's Creed,ACR,106,Near Mint,English,foil,,,,,,,,2024-07-28 19:33:41 Z
1,0,Drowned Catacomb,Outlaws of Thunder Junction Commander,OTC,290,Near Mint,English,,,,,,,,,2024-05-11 10:48:45 Z
4,3,Cat,Extras: Dominaria Remastered Tokens,TDMR,8,Near Mint,English,,,,,,,,,2023-03-13 11:17:01 Z
1,0,Rushed Rebirth,Strixhaven: School of Mages,STX,228,Near Mint,English,,,,,,,,,2021-06-04 04:42:48 Z
3,2,Vulpikeet,Ikoria: Lair of Behemoths,IKO,37,Near Mint,English,,,,,,,,,2021-05-18 06:10:18 Z
4,3,Vulpikeet,Ikoria: Lair of Behemoths,IKO,37,Near Mint,German,,,,,,,,,2021-05-18 06:10:18 Z
2,1,Fellwar Stone,Adventures in the Forgotten Realms Commander,AFC,206,Near Mint,English,,,,,,,,,2021-08-29 14:03:33 Z
1,0,Quicksilver Dagger,Dominaria Remastered,DMR,363,Near Mint,English,,,,,,,,,2023-03-07 15:37:21 Z
1,0,Secluded Steppe,Commander Anthology Volume II,CM2,266,Near Mint,English,,,,,,,,,2021-05-18 06:10:18 Z
1,0,Wishclaw Talisman,Throne of Eldraine,ELD,110,Near Mint,English,,,,,,,,,2021-05-18 06:10:18 Z
1,0,Wishclaw Talisman,Throne of Eldraine,ELD,110,Near Mint,German,,,,,,,,,2021-05-18 06:10:18 Z
1,0,Gretchen Titchwillow,Adventures in the Forgotten Realms,AFR,340,Near Mint,English,,,,,,,,,2021-08-14 11:26:28 Z
1,0,Gretchen Titchwillow,Adventures in the Forgotten Realms,AFR,340,Near Mint,English,foil,,,,,,,,2021-08-13 16:00:31 Z
4,3,Netcaster Spider,Core Set 2020,M20,184,Near Mint,English,,,,,,,,,2021-05-18 06:10:18 Z
1,0,Netcaster Spider,Core Set 2020,M20,184,Near Mint,German,,,,,,,,,2021-05-18 06:10:18 Z
1,0,Burning-Tree Emissary,Ravnica Allegiance Guild Kit,GK2,88,Near Mint,English,,,,,,,,,2021-05-18 06:10:18 Z
3,2,Repel the Darkness,Ultimate Masters,UMA,29,Near Mint,English,,,,,,,,,2021-05-18 06:10:18 Z
1,0,Artisan of Kozilek,Commander Anthology Volume II,CM2,14,Near Mint,English,,,,,,,,,2021-05-18 06:10:18 Z
1,0,Open the Armory,Shadows over Innistrad,SOI,32,Near Mint,English,,,,,,,,,2021-05-18 06:10:18 Z
1,0,"Garruk, Apex Predator",Modern Horizons 3 Commander,M3C,262,Near Mint,English,,,,,,,,,2024-06-21 15:14:47 Z
1,0,Temple of Triumph,Outlaws of Thunder Junction Commander,OTC,335,Near Mint,English,,,,,,,,,2024-05-11 10:48:45 Z
1,0,Graypelt Refuge,The Lord of the Rings: Tales of Middle-earth Commander,LTC,316,Near Mint,English,,,,,,,,,2023-07-20 08:41:51 Z
1,0,"Gilraen, Dúnedain Protector",The Lord of the Rings: Tales of Middle-earth Commander,LTC,13,Near Mint,English,,,,,,,,,2023-07-20 08:41:51 Z
1,0,Elderwood Scion,Planechase Anthology,PCA,88,Near Mint,English,,,,,,,,,2021-05-18 06:10:18 Z
3,2,Plaza of Harmony,Ravnica Allegiance,RNA,254,Near Mint,English,,,,,,,,,2021-05-18 06:10:18 Z
1,0,Plaza of Harmony,Ravnica Allegiance,RNA,254,Near Mint,German,,,,,,,,,2021-05-18 06:10:18 Z
1,0,Plaza of Harmony,Ravnica Allegiance,RNA,254,Near Mint,English,foil,,,,,,,,2021-05-18 06:10:18 Z
3,2,Thieving Otter,Ikoria: Lair of Behemoths,IKO,69,Near Mint,English,,,,,,,,,2021-05-18 06:10:18 Z
3,2,Thieving Otter,Ikoria: Lair of Behemoths,IKO,69,Near Mint,German,,,,,,,,,2021-05-18 06:10:18 Z
1,0,Thieving Otter,Ikoria: Lair of Behemoths,IKO,69,Near Mint,English,foil,,,,,,,,2021-05-18 06:10:18 Z
3,2,Glaze Fiend,Double Masters,2XM,95,Near Mint,English,,,,,,,,,2021-05-18 06:10:18 Z
1,0,Glaze Fiend,Double Masters,2XM,95,Near Mint,English,foil,,,,,,,,2021-05-18 06:10:18 Z
1,0,Dawn of Hope,The Lord of the Rings: Tales of Middle-earth Commander,LTC,164,Near Mint,English,,,,,,,,,2023-07-20 08:41:51 Z
6,5,Rescue,Dominaria,DOM,63,Near Mint,English,,,,,,,,,2021-05-18 06:10:18 Z
1,0,Rescue,Dominaria,DOM,63,Near Mint,German,,,,,,,,,2021-05-18 06:10:18 Z
1,0,"Kaza, Roil Chaser",Outlaws of Thunder Junction Commander,OTC,232,Near Mint,English,,,,,,,,,2024-05-11 10:48:45 Z
1,0,Propaganda,Modern Horizons 3 Commander,M3C,191,Near Mint,English,,,,,,,,,2024-06-21 15:14:47 Z
1,0,Tyrant's Familiar,Commander Anthology Volume II,CM2,125,Near Mint,English,,,,,,,,,2021-05-18 06:10:18 Z
1,0,Sewer Nemesis,Commander Anthology Volume II,CM2,75,Near Mint,English,,,,,,,,,2021-05-18 06:10:18 Z
4,3,"Syr Carah, the Bold",Throne of Eldraine,ELD,145,Near Mint,English,,,,,,,,,2021-05-18 06:10:18 Z
3,2,"Syr Carah, the Bold",Throne of Eldraine,ELD,145,Near Mint,German,,,,,,,,,2021-05-18 06:10:18 Z
1,0,Lumbering Laundry,Murders at Karlov Manor,MKM,253,Near Mint,German,,,,,,,,,2024-02-08 12:16:30 Z
5,4,Bind the Monster,Kaldheim,KHM,48,Near Mint,English,,,,,,,,,2021-05-18 06:10:18 Z
1,0,Spinny Ride,Unfinity,UNF,227b,Near Mint,English,,,,,,,,,2023-11-21 20:18:08 Z
3,2,Ronom Unicorn,Ultimate Masters,UMA,33,Near Mint,English,,,,,,,,,2021-05-18 06:10:18 Z
1,0,Crackling Club,Torment,TOR,93,Good (Lightly Played),English,,,,,,,,,2024-01-27 18:21:26 Z
3,2,Thorn Lieutenant,Core Set 2019,M19,203,Near Mint,English,,,,,,,,,2021-05-18 06:10:18 Z
1,0,Thorn Lieutenant,Core Set 2019,M19,203,Near Mint,German,,,,,,,,,2021-05-18 06:10:18 Z
1,0,Thorn Lieutenant,Core Set 2019,M19,203,Near Mint,German,,,,,,promo,,,2021-05-18 06:10:18 Z
1,0,Thorn Lieutenant,Core Set 2019,M19,203,Near Mint,German,foil,,,,,promo,,,2021-05-18 06:10:18 Z
2,1,Cinder Barrens,Commander 2019,C19,235,Near Mint,English,,,,,,,,,2022-08-11 06:10:55 Z
3,2,Changeling Outcast,Modern Horizons Foil,MH1,82,Near Mint,English,,,,,,,,,2021-05-18 06:10:18 Z
1,0,Damnable Pact,Commander 2017,C17,108,Near Mint,English,,,,,,,,,2021-05-18 06:10:18 Z
1,0,Otherworldly Escort,Murders at Karlov Manor Commander,MKC,323,Near Mint,English,,,,,,,,,2024-03-24 11:08:14 Z
3,2,Stoic Builder,Shadows over Innistrad,SOI,231,Near Mint,English,,,,,,,,,2021-05-18 06:10:18 Z
1,0,Chaos Dragon,Commander Legends: Battle for Baldur's Gate,CLB,784,Near Mint,English,,,,,,,,,2022-08-02 16:53:55 Z
1,0,Proud Pack-Rhino,Modern Horizons 3,MH3,41,Near Mint,English,,,,,,,,,2024-07-03 03:41:54 Z
1,0,Soul of Eternity,Commander Legends,CMR,50,Near Mint,English,,,,,,,,,2021-05-18 06:10:18 Z
1,0,Feral Shadow,Classic Sixth Edition,6ED,131,Good (Lightly Played),English,,,,,,,,,2021-05-18 06:10:18 Z
2,1,Conclave Naturalists,Double Masters,2XM,160,Near Mint,English,,,,,,,,,2021-05-18 06:10:18 Z
1,0,Jungle Hollow,Commander 2018,C18,259,Near Mint,English,,,,,,,,,2021-05-18 06:10:18 Z
1,0,Jungle Hollow,Commander 2018,C18,259,Near Mint,German,,,,,,,,,2021-05-18 06:10:18 Z
3,2,Command Performance,Unfinity,UNF,42,Near Mint,English,,,,,,,,,2023-11-24 17:17:37 Z
2,1,Charm Peddler,Mercadian Masques,MMQ,6,Good (Lightly Played),German,,,,,,,,,2021-05-18 06:10:18 Z
1,0,Scattered Groves,Outlaws of Thunder Junction Commander,OTC,315,Near Mint,English,,,,,,,,,2024-05-11 10:48:45 Z
5,4,Syncopate,Innistrad: Crimson Vow,VOW,83,Near Mint,English,,,,,,,,,2022-01-03 20:52:55 Z
1,0,Syncopate,Innistrad: Crimson Vow,VOW,83,Near Mint,English,foil,,,,,,,,2022-01-03 20:52:55 Z
1,0,"Éowyn, Shieldmaiden",The Lord of the Rings: Tales of Middle-earth Commander,LTC,81,Near Mint,English,foil,,,,,,,,2023-07-20 08:41:51 Z
1,0,Krosan Verge,Phyrexia: All Will Be One Commander,ONC,158,Near Mint,English,,,,,,,,,2023-05-18 11:17:38 Z
1,0,Leap,Stronghold,STH,35,Good (Lightly Played),English,,,,,,,,,2024-10-28 12:37:14 Z
2,1,Loxodon Warhammer,Commander 2017,C17,216,Near Mint,English,,,proof,,,,,,2021-05-18 06:10:18 Z
1,0,Grave Bramble,Jumpstart,JMP,401,Near Mint,English,,,,,,,,,2021-05-18 06:10:18 Z
1,0,Windfall,Kaldheim Commander,KHC,46,Near Mint,English,,,,,,,,,2021-05-25 07:14:07 Z
1,0,Graypelt Refuge,Commander 2019,C19,249,Near Mint,English,,,,,,,,,2021-05-18 06:10:18 Z
1,0,Lys Alana Huntmaster,Kaldheim Commander,KHC,67,Near Mint,English,,,,,,,,,2021-05-25 07:14:07 Z
2,1,Lightning Strike,Core Set 2019,M19,152,Near Mint,English,,,,,,,,,2021-05-18 06:10:18 Z
1,0,Wayfarer's Bauble,Fallout,PIP,252,Near Mint,English,,,,,,,,,2024-03-25 20:41:51 Z
1,0,Forgotten Cave,Commander Legends,CMR,483,Near Mint,English,,,,,,,,,2021-05-18 06:10:18 Z
1,0,Reality Shift,Commander Masters,CMM,113,Near Mint,German,,,,,,,,,2023-09-04 03:48:14 Z
1,0,"Drana, Liberator of Malakir",Lost Caverns of Ixalan Commander,LCC,193,Near Mint,English,,,,,,,,,2024-09-24 18:51:40 Z
3,2,Brineborn Cutthroat,Core Set 2020,M20,50,Near Mint,English,,,,,,,,,2021-05-18 06:10:18 Z
1,0,Brineborn Cutthroat,Core Set 2020,M20,50,Near Mint,German,,,,,,,,,2021-05-18 06:10:18 Z
3,2,Phyrexian Ghoul,Dominaria Remastered,DMR,98,Near Mint,English,,,,,,,,,2023-03-08 14:58:56 Z
1,0,Banishing Light,Kaldheim Commander,KHC,19,Near Mint,English,,,,,,,,,2021-05-25 07:14:07 Z
1,0,Tempt with Mayhem,Modern Horizons 3 Commander,M3C,114,Near Mint,English,,,,,,,,,2024-06-21 15:14:47 Z
6,5,Return to Nature,War of the Spark Japanese Alternate Art,WAR,175,Near Mint,English,,,,,,,,,2021-05-18 06:10:18 Z
6,5,Return to Nature,War of the Spark Japanese Alternate Art,WAR,175,Near Mint,German,,,,,,,,,2021-05-18 06:10:18 Z
1,0,Sylvan Messenger,Kaldheim Commander,KHC,75,Near Mint,English,,,,,,,,,2021-05-25 07:14:07 Z
1,0,Innocent Bystander,Murders at Karlov Manor,MKM,133,Near Mint,English,,,,,,,,,2024-02-19 16:47:40 Z
1,0,Innocent Bystander,Murders at Karlov Manor,MKM,133,Near Mint,German,,,,,,,,,2024-02-08 12:16:30 Z
1,0,"Iraxxa, Empress of Mars",Doctor Who,WHO,89,Near Mint,English,,,,,,,,,2023-11-14 17:21:24 Z
3,2,Swamp,Core Set 2021,M21,268,Near Mint,English,,,,,,,,,2021-05-18 06:10:18 Z
1,0,Swamp,Core Set 2021,M21,268,Near Mint,German,,,,,,,,,2021-05-18 06:10:18 Z
1,0,Swamp,Core Set 2021,M21,268,Near Mint,English,foil,,,,,,,,2021-05-18 06:10:18 Z
1,0,Timestream Navigator,Lost Caverns of Ixalan Commander,LCC,178,Near Mint,English,,,,,,,,,2024-04-21 12:05:56 Z
1,0,Cryptothrall,"Warhammer 40,000",40K,155,Near Mint,English,,,,,,,,,2022-10-24 06:31:25 Z
1,0,Oreskos Explorer,Commander 2021,C21,98,Near Mint,English,,,,,,,,,2021-05-18 06:10:18 Z
1,0,Opposition Agent,Commander Legends,CMR,141,Near Mint,English,,,,,,,,,2021-05-18 06:10:18 Z
1,0,Nullpriest of Oblivion,Zendikar Rising,ZNR,118,Near Mint,English,,,,,,,,,2021-05-18 06:10:18 Z
2,1,Nullpriest of Oblivion,Zendikar Rising,ZNR,118,Near Mint,German,,,,,,,,,2021-05-18 06:10:18 Z
1,0,Deathreap Ritual,Modern Horizons 3 Commander,M3C,259,Near Mint,English,,,,,,,,,2024-06-21 15:14:47 Z
5,4,Ethereal Absolution,Ravnica Allegiance,RNA,170,Near Mint,English,,,,,,,,,2021-05-18 06:10:18 Z
1,0,From the Catacombs,Commander Legends: Battle for Baldur's Gate,CLB,671,Near Mint,English,,,,,,,,,2022-08-02 16:53:55 Z
1,0,Path of the Enigma,March of the Machine Commander,MOC,23,Near Mint,English,,,,,,,,,2023-05-28 12:31:13 Z
2,1,The Council of Four,Commander Legends: Battle for Baldur's Gate,CLB,271,Near Mint,English,,,,,,,,,2022-08-06 10:41:20 Z
1,0,Tireless Tracker,March of the Machine Commander,MOC,314,Near Mint,English,,,,,,,,,2023-05-28 12:31:13 Z
1,0,Undying Rage,Eternal Masters,EMA,152,Near Mint,English,,,proof,,,,,,2021-05-18 06:10:18 Z
1,0,Keeper of the Accord,Murders at Karlov Manor Commander,MKC,70,Near Mint,English,,,,,,,,,2024-03-24 11:08:14 Z
3,2,Verdant Eidolon,Ultimate Masters,UMA,190,Near Mint,English,,,,,,,,,2021-05-18 06:10:18 Z
1,0,Verdant Eidolon,Ultimate Masters,UMA,190,Near Mint,English,foil,,,,,,,,2021-05-18 06:10:18 Z
1,0,Abyssal Hunter,Mirage,MIR,103,Played,German,,,,,,,,,2021-05-18 06:10:18 Z
1,0,Mayhem Devil,Duskmourn: House of Horror Commander,DSC,225,Near Mint,English,,,,,,,,,2024-10-13 19:33:06 Z
1,0,Noise Marine,"Warhammer 40,000",40K,82,Near Mint,English,,,,,,,,,2022-10-26 06:06:16 Z
2,1,Pillardrop Rescuer,Strixhaven: School of Mages,STX,23,Near Mint,English,,,,,,,,,2021-05-27 12:57:13 Z
1,0,Kargan Intimidator,Zendikar Rising,ZNR,145,Near Mint,English,,,,,,,,,2021-05-18 06:10:18 Z
1,0,Search the Premises,Murders at Karlov Manor Commander,MKC,81,Near Mint,English,,,,,,,,,2024-03-24 11:08:14 Z
1,0,Sacred Cat,Amonkhet,AKH,27,Near Mint,English,,,proof,,,,,,2021-05-18 06:10:18 Z
3,2,Sacred Cat,Amonkhet,AKH,27,Near Mint,English,,,,,,,,,2023-07-10 16:12:46 Z
1,0,Pyrite Spellbomb,Double Masters,2XM,283,Near Mint,English,,,,,,,,,2021-05-18 06:10:18 Z
1,0,Pyrite Spellbomb,Double Masters,2XM,283,Near Mint,English,foil,,,,,,,,2021-05-18 06:10:18 Z
1,0,Hellkite Hatchling,Planechase Anthology,PCA,95,Near Mint,English,,,,,,,,,2021-05-18 06:10:18 Z
1,0,Armorcraft Judge,Zendikar Rising Commander,ZNC,60,Near Mint,English,,,,,,,,,2021-05-18 06:10:18 Z
